1602 2799
397 44 433 94 17

92 216 100 237 ;
123 180 429 235 ῃῦοῃεῒ111111111111111111111
441 193 514 232 sectae
523 185 679 232 conditorem
689 199 742 230 esse

94 278 246 335 habendum,
269 276 330 322 satis
343 276 452 321 ostendit
468 277 603 322 auctoritas
618 291 666 336 qve
681 273 741 336 pol-

94 368 163 414 lebat
183 368 258 412 etiom
278 365 364 410 Photii
383 372 504 423 ternpore.
543 362 583 410 Sic
603 365 669 410 enim
686 363 740 410 hic:

95 455 303 502 ”Constantinum
318 454 425 498 maxime
435 451 561 498 celebrant
571 459 596 498 et
606 453 741 511 columma

95 546 185 592 Elucet
201 557 302 604 ,qvoqve
321 542 465 600 aestimatio,
497 559 544 604 qva
566 543 665 604 gavisus
684 540 742 598 fnit,

96 651 146 682 non
160 631 233 676 modo
252 646 283 676 ex
299 631 459 677 veneratione
473 638 498 677 et
510 648 593 678 amore
607 631 745 693 discipulo-

96 737 151 769 rum
161 735 223 781 ¹quae
240 720 325 779 ipsum*
336 720 538 766 succumbentem
556 728 659 782 seqvuta
673 729 743 779 sunt,

96 809 268 858 verumetiam
281 823 313 853 ex
326 808 364 867 ri,
382 824 454 870 qvem
468 809 615 870 exitus'ojus
629 816 746 858 cruentus

98 898 209 945 exseruit
230 897 372 954 invirum,
393 899 445 959 ‘pqvi
464 898 663 945 internecionem
680 899 745 945 hauc

97 989 248 1054 instituerat.

164 1076 264 1121 Simeon
279 1092 380 1136 nempe,
398 1077 439 1137 qvi
449 1075 544 1124 frustra
555 1079 665 1125 ecclesiis
676 1096 749 1127 com-

99 1165 260 1211 mendaverat
269 1164 426 1209 Constantini
436 1166 582 1227 discipulos,
601 1171 690 1231 qvippe
707 1171 750 1232 qvi

99 1254 246 1313 resipiscere
257 1252 361 1310 nollent,
373 1253 427 1314 ipse
436 1254 528 1301 haeresi
537 1256 654 1317 infectus,
666 1261 750 1306 trien·
781 1301 782 1304 ,

99 1343 142 1387 nio
158 1342 247 1411 deinde
263 1342 336 1386 domi,
346 1356 397 1387 suae
411 1344 529 1402 privatim
542 1354 611 1406 acto,
621 1349 693 1394 elam
702 1365 750 1394 ex-

101 1430 176 1475 cessit
195 1430 334 1488 Cibossam,
361 1445 533 1495 suscessorqve
554 1433 606 1481 fuit
624 1436 751 1484 Constan-

100 1519 149 1564 tini
167 1520 267 1564 nomine
286 1519 398 1576 Titi'tt)
429 1531 546 1570 assumto.
590 1524 646 1571 Hoc
669 1525 754 1573 evenit

98 1609 170 1653 >eirca
188 1606 291 1653 Annum
311 1610 471 1664 1811183.
520 1611 642 1661 Triennio
660 1616 753 1662 iterum

103 1696 202 1756 elapso,
235 1697 302 1742 inter
322 1697 432 1757 Justum,
460 1700 630 1750 Constanstini
649 1721 754 1766 percus-

103 1801 198 1843 sorem,
216 1792 242 1831 et
253 1785 395 1834 Simeonem
406 1797 468 1835 orta
476 1798 513 1836 est
523 1794 605 1853 gravis
618 1795 752 1854 disputatio

104 1875 135 1918 de
148 1872 221 1920 Pauli
238 1891 311 1921 sensu
325 1877 351 1921 in
364 1876 442 1938 Epist.
463 1881 495 1925 ad
516 1880 610 1927 coloss.
627 1884 753 1943 1,16.17,

103 1963 133 2007 de
155 1980 202 2024 qva
220 1965 294 2025 plura
319 1967 429 2026 posthac.
478 1969 541 2015 Cum
565 1986 597 2016 ex
615 1971 757 2034 hujusmodi

105 2064 281 2074 ᾑ-

171 2115 190 2149 p.
210 2107 283 2144 60-70.
306 2105 357 2142 Por.
374 2106 412 2143 Sic.
428 2118 446 2154 p.
467 2111 542 2148 lto-214.
570 2110 665 2149 Cedrenus
689 2114 756 2162 Comp,

172 2179 191 2213 p.
202 2170 243 2206 432.
257 2168 404 2219 Schroeclrh..20
414 2170 450 2207 Th.
462 2173 481 2209 S.
492 2177 526 2213 365
536 2181 554 2211 et
564 2179 604 2216 366.
629 2176 705 2213 Gibbon
716 2182 728 2217 Ι.
739 2191 756 2216 c.

173 2243 192 2278 p.
203 2233 227 2270 63
239 2239 257 2267 et
268 2236 304 2278 64,
317 2235 333 2270 it
342 2238 416 2275 67—69.

131 2300 152 2347 ⁴⁶)
176 2298 231 2335 Phot.
242 2301 254 2336 1.
267 2312 283 2336 c.
294 2314 313 2348 p.
324 2306 353 2341 65.
374 2326 376 2330 -

122 2371 152 2415 η)
177 2371 251 2406 Nomen
261 2370 307 2405 illud
318 2384 382 2408 ansam
397 2374 477 2422 praebuit
490 2377 545 2413 Petro
563 2378 625 2415 Siculo
636 2380 665 2428 (p.
676 2383 709 2428 46)
720 2380 759 2418 Pa-

175 2435 300 2471 ranomasiam
310 2434 421 2475 adhibendi:
434 2444 483 2477 reos
495 2449 513 2477 et
525 2444 585 2485 uiros.
624 2467 625 2470 =

608 2516 629 2560 Β
