1602 2799
106 180 161 212 mos
177 162 244 210 illius
253 154 333 210 'sectae‘
346 163 499 222 conditorem
516 151 621 209 Paulum
635 167 662 207 et
675 159 751 206 loun*

107 244 177 312 nemf,
194 270 209 299 a
222 253 367 308 Samosatis,
376 246 564 297 Manichaeismi
572 251 643 313 -qr'asi
652 247 753 296 Metro-

107 343 171 404 poli,
192 338 265 388 -lrunc
281 344 308 387 in
322 339 464 387 Armeniam
479 342 618 400 praesertim
630 342 753 386 minorem

108 448 266 494 propagasse,
288 430 440 476 intermixtis
459 428 661 491 forsan‘placitis
679 429 753 475 Gno-

107 523 183 578 sticis,
197 536 270 581 qvam
279 519 407 565 amborum
418 526 541 580 praeterea
552 512 672 565 doctrinae
681 533 752 579 mage

107 615 164 657 nam
175 607 321 655 affinitatem
332 608 449 664 habeant,
462 615 513 654 tam
522 609 620 654 ratione
630 607 753 653 Dualismi

109 705 134 743 et
149 696 339 757 originis-Mali,
366 702 437 760 qvam
452 698 549 743 ratione
564 693 753 742 Docetismilris

107 788 277 847 superstructi.
324 786 399 846 Qvod·
420 794 518 845 contra,
552 782 572 832 a
591 783 753 832 Constantino

107 891 182 936 usque
197 876 228 921 ad
243 875 355 937 Sergium
371 899 404 911 ·-
417 891 521 937 qvorum
537 876 613 936 opera
627 881 696 922 secta
705 889 754 920 're-'

106 963 177 1009 fecta.
191 972 263 1026 atqve
282 963 408 1023 stabilita,
431 962 540 1010 formula
561 965 682 1010 doctrinae
700 964 754 1023 ejus

106 1059 231 1112 statusque
253 1053 383 1111 liturgicus
406 1054 545 1098 accuratius
569 1051 755 1111 circumscripta

105 1139 176 1185 fuere
189 1138 297 1184 -libri
312 1138 378 1186 Novi
392 1138 558 1198 Testamenti,
581 1141 713 1202 allegorice
728 1147 754 1185 ct

107 1228 214 1290 mystice
233 1228 350 1290 explicati
364 1230 528 1290 gnosticisqve
548 1232 692 1276 commentis
711 1228 754 1274 in-

105 1318 232 1372 termixti,
253 1333 299 1378 pro
320 1333 409 1363 norma
428 1325 506 1363 status
526 1320 637 1366 ecclesiae
659 1318 754 1364 interni

107 1414 134 1453 et
156 1406 420 1462 externi‘valuernnt,
447 1408 494 1452 hoc
515 1410 590 1454 etiam
604 1408 754 1467 intelligitur

108 1512 139 1542 ex
157 1495 349 1557 promtstudine,
382 1511 429 1558 qva
447 1495 599 1555 Pauliciani,
631 1503 660 1543 ut
680 1509 756 1556 supra

107 1587 224 1642 vidimus,
243 1584 391 1631 abdicarunt
406 1586 648 1649 condemnaruutqve
663 1584 754 1630 Mane-

108 1681 160 1718 tem
178 1674 276 1734 ejusque
288 1683 469 1730 antecessores,
487 1691 555 1736 aeqve
571 1692 599 1720 ac
616 1689 647 1720 ex.
663 1674 756 1719 discri‘*

108 1764 174 1809 mine
189 1763 253 1824 qvod
267 1763 402 1809 intercedit
415 1765 482 1809 inter
496 1763 597 1809 iHorum
612 1770 638 1808 et
648 1760 755 1807 Manetis

109 1852 264 1912 disciplinam
278 1850 338 1912 (vid.
355 1850 475 1897 Moshem.
491 1852 507 1897 l.
523 1870 543 1898 c.
560 1852 756 1898 Saec.1X.P.11.

92 1944 95 1947 “
109 1939 136 1985 Ο.
146 1953 174 1985 V.
186 1937 206 2000 ᾗ
217 1941 254 1999 V).
289 1940 429 1986 Gibbonius
441 1941 552 2001 quidem,
570 1942 612 2003 qvi
624 1942 699 1987 etiam
709 1947 756 2001 ag-‘

107 2028 188 2072 noscit
199 2029 320 2090 originem
330 2012 532 2079 Paulicianorum
539 2020 692 2086 Gnosticamj
702 2037 756 2074 sta-

106 2123 177 2161 tuere
193 2118 293 2164 ridetur
312 2120 340 2176 (l.
356 2135 376 2165 c.
395 2135 450 2181 pag.
467 2121 519 2176 65).
551 2120 714 2181 Evangelium
731 2124 756 2163 et

108 2206 225 2265 epistolas
244 2205 362 2254 Paulinus
382 2209 461 2254 solum
478 2208 556 2254 fuisse
570 2226 683 2254 normam
698 2210 755 2255 fidei

108 2310 179 2363 qvam
202 2295 297 2354 sequuti
319 2303 388 2356 sunt3
415 2299 480 2357 qvod
499 2297 585 2360 forsan
606 2298 706 2359 collegit
725 2314 756 2342 er

108 2384 190 2430 verbis
210 2384 238 2429 P.
257 2383 332 2431 Siculi
352 2385 378 2443 (l.
395 2404 415 2432 c.
431 2403 455 2448 p.
471 2387 512 2451 42)
533 2389 563 2435 de
578 2388 753 2436 Constantino:
