1602 2799
389 35 424 85 59

91 222 93 225 ,
131 223 133 225 ,
151 184 235 229 flatum
240 213 249 236 ,
267 194 310 223 suo
325 177 380 223 loco
393 191 445 221 esse
457 175 579 222 videatur:
598 174 671 234 ’'Cnr,
688 179 731 224 in-

143 271 214 332 quit,
242 270 327 315 diuina
345 282 396 312 non
411 265 473 325 legis
485 263 641 325 Evangelia?
676 266 731 324 Ille,

151 376 202 406 non
230 358 320 413 licere,
339 354 447 415 inquit,
479 352 502 396 ei
529 354 570 413 qvi
600 352 734 403 Laicorum

149 449 267 494 ordinem
287 444 427 504 impleret,‘
449 442 484 487 sie
503 442 660 501 impudenter
677 453 734 492 tre-

153 537 298 584 mendorum
332 532 486 593 eloq'uiorum
521 530 667 579 lectionema
691 552 737 597 ag-

154 626 240 688 gredi:
278 621 347 668 illud¹
359 621 431 667 enim.
445 619 606 667 Sacerdotum
626 621 749 672 officium

156 731 219 762 esse.
260 713 327 759 Tum
342 727 357 757 a
370 709 466 756 furiosa
480 711 524 755 illa
539 711 642 758 muliere
659 716 737 774 audit,

92 836 95 839 -
155 803 250 851 frustra
260 839 261 842 η
271 818 297 849 se
311 808 410 849 tantam¹
421 800 587 848 reverentiam
608 802 739 864 exhihere5

93 926 96 929 -
158 893 251 940 nullam
271 892 338 938 enirn
358 908 410 937 esse
429 895 740 952 personarum‘acceptio-

158 1000 216 1029 nem
236 982 302 1040 apud
319 980 409 1025 Deum.
455 978 518 1036 Sed,
547 981 599 1039 ait,
623 981 688 1042 qvod
705 983 743 1028 ita

159 1076 305 1119 reverenter
328 1083 372 1116 vos
392 1067 506 1112 habeatis
530 1068 596 1114 eirea
619 1070 742 1116 'dominica

160 1159 270 1218 eloquia,
286 1171 337 1202 non
348 1154 378 1200 ad
386 1154 507 1199 honorem
521 1154 624 1200 illorum
634 1159 670 1201 ita
680 1175 742 1218 pro-

160 1248 241 1297 visum
259 1251 315 1303 est,
346 1243 389 1288 sed
406 1242 475 1288 :illud
496 1250 534 1288 est
558 1244 691 1292 artificium
718 1255 745 1294 et

161 1336 252 1382 techna
268 1348 368 1387 eorum,
396 1332 437 1393 qvi
454 1332 519 1392 apud
536 1347 580 1379 vos
597 1332 744 1381 Sacerdotes

162 1424 289 1481 dicuntur,
307 1420 466 1483 minerbam
479 1418 528 1465 Dei
543 1421 682 1469 adulterare
696 1440 743 1472 vo-

161 1514 255 1567 lentes,
270 1513 446 1569 curantesque,
457 1522 488 1554 ne
497 1511 681 1572 mysteriorum,
692 1530 744 1575 qvae

162 1602 190 1647 in
203 1599 343 1661 Evangeliis
357 1605 427 1655 sunt,
444 1598 577 1658 participes
593 1600 659 1660 sitis,
689 1603 745 1648 ideo

163 1695 263 1747 uetant,
286 1704 317 1734 ue
331 1687 433 1748 perinde
450 1694 521 1747 atqve
535 1687 584 1747 ipsi
598 1704 643 1735 ros
661 1700 690 1736 ea
704 1693 745 1737 le-

104 1806 106 1810 ·
165 1779 237 1838 gatis,
270 1776 394 1838 Siquidem
409 1791 450 1833 ea,
469 1790 522 1836 qvae
536 1776 745 1825 vobisaudienti-

165 1868 213 1913 bus
227 1866 323 1927 legunt,
350 1880 364 1908 a
377 1870 432 1909 tota
448 1863 512 1910 serie
528 1864 702 1914 detruncantes
722 1876 747 1914 et

102 1969 105 1972 ·
166 1956 335 2012 dilacerantes,
345 1952 379 1998 sic
390 1968 434 2000 vos
443 1952 567 1999 auditores
576 1955 746 2018 intercipiunt.

166 2044 261 2089 Iterum
275 2042 456 2103 interrogabat:
476 2041 541 2100 Qvid
556 2039 681 2105 signifieat
691 2047 747 2092 dio-

165 2138 220 2177 tum
229 2132 292 2177 illud
301 2130 413 2177 Domini:
438 2129 514 2176 Mitti
523 2131 605 2178 dicent
617 2131 643 2179 in
653 2134 692 2178 die
703 2134 748 2180 illa

168 2228 213 2266 eet.
230 2218 309 2266 Math.
326 2227 351 2278 7,
364 2228 403 2273 22.
417 2228 456 2272 23
499 2219 604 2278 Qunam
624 2223 663 2268 illi
682 2232 748 2281 sunt,

166 2310 254 2371 quibus
268 2309 390 2355 Dominus
409 2311 455 2356 ait:
478 2325 526 2354 non
548 2311 604 2358 novi
618 2310 684 2357 vos?
702 2314 748 2359 llle

167 2400 255 2446 dubius
265 2399 361 2446 silebat.
389 2398 464 2448 Aliud
474 2400 749 2463 diotumEvangel-icum
