<?xml version="1.0" encoding="UTF-8"?>
<!DOCTYPE html PUBLIC "-//W3C//DTD XHTML 1.0 Transitional//EN"
    "http://www.w3.org/TR/xhtml1/DTD/xhtml1-transitional.dtd">
<html xmlns="http://www.w3.org/1999/xhtml" xml:lang="en" lang="en">
 <head>
  <title>
</title>
<meta http-equiv="Content-Type" content="text/html;charset=utf-8" />
  <meta name='ocr-system' content='tesseract 3.04.00' />
  <meta name='ocr-capabilities' content='ocr_page ocr_carea ocr_par ocr_line ocrx_word'/>
</head>
<body>
  <div class='ocr_page' id='page_1' title='image "MN41565ucmf_9_0029.png"; bbox 0 0 1602 2799; ppageno 0'>
   <div class='ocr_carea' id='block_1_1' title="bbox 399 51 431 100">
    <p class='ocr_par' dir='ltr' id='par_1_1' title="bbox 399 51 431 100">
     <span class='ocr_line' id='line_1_1' title="bbox 399 51 431 100; baseline 0.031 -1"><span class='ocrx_word' id='word_1_1' title='bbox 399 51 431 100; x_wconf 87' lang='lat'><strong>11</strong></span> 
     </span>
    </p>
   </div>
   <div class='ocr_carea' id='block_1_2' title="bbox 91 185 769 1143">
    <p class='ocr_par' dir='ltr' id='par_1_2' title="bbox 91 185 769 431">
     <span class='ocr_line' id='line_1_2' title="bbox 91 185 769 254; baseline -0.006 -16"><span class='ocrx_word' id='word_1_2' title='bbox 91 206 147 238; x_wconf 86' lang='lat' dir='ltr'><strong>rum</strong></span> <span class='ocrx_word' id='word_1_3' title='bbox 161 185 331 253; x_wconf 70' lang='grc' dir='ltr'><strong>(Αθιγκανοι)</strong></span> <span class='ocrx_word' id='word_1_4' title='bbox 341 189 382 237; x_wconf 84' lang='lat' dir='ltr'><strong>vel</strong></span> <span class='ocrx_word' id='word_1_5' title='bbox 393 188 589 252; x_wconf 82' lang='lat' dir='ltr'><strong>Atioganorum‚</strong></span> <span class='ocrx_word' id='word_1_6' title='bbox 597 219 599 222; x_wconf 95' lang='lat'>-</span> <span class='ocrx_word' id='word_1_7' title='bbox 608 199 680 254; x_wconf 75' lang='lat' dir='ltr'><strong>quoa</strong></span> <span class='ocrx_word' id='word_1_8' title='bbox 690 192 743 239; x_wconf 52' lang='lat' dir='ltr'><strong>eea</strong></span> <span class='ocrx_word' id='word_1_9' title='bbox 766 229 769 234; x_wconf 76' lang='grc'>,</span> 
     </span>
     <span class='ocr_line' id='line_1_3' title="bbox 93 280 744 340; baseline 0.003 -14"><span class='ocrx_word' id='word_1_10' title='bbox 93 283 170 335; x_wconf 83' lang='lat' dir='ltr'><strong>dreno</strong></span> <span class='ocrx_word' id='word_1_11' title='bbox 190 289 217 328; x_wconf 78' lang='lat' dir='ltr'><strong>et</strong></span> <span class='ocrx_word' id='word_1_12' title='bbox 230 280 401 334; x_wconf 75' lang='lat' dir='ltr'><strong>Weismannio</strong></span> <span class='ocrx_word' id='word_1_13' title='bbox 415 280 577 340; x_wconf 64' lang='lat' dir='ltr'><strong>:appellantur</strong></span> <span class='ocrx_word' id='word_1_14' title='bbox 595 281 744 340; x_wconf 70' lang='lat' dir='ltr'><strong>Pauliciuni‘,</strong></span> 
     </span>
     <span class='ocr_line' id='line_1_4' title="bbox 94 363 638 431; baseline -0.007 -14"><span class='ocrx_word' id='word_1_15' title='bbox 94 371 174 417; x_wconf 87' lang='lat' dir='ltr'><strong>serius</strong></span> <span class='ocrx_word' id='word_1_16' title='bbox 185 372 272 417; x_wconf 85' lang='lat' dir='ltr'><strong>ortum</strong></span> <span class='ocrx_word' id='word_1_17' title='bbox 288 385 341 415; x_wconf 90' lang='lat' dir='ltr'><strong>esse</strong></span> <span class='ocrx_word' id='word_1_18' title='bbox 355 367 456 418; x_wconf 85' lang='lat' dir='ltr'><strong>videtur</strong></span> <span class='ocrx_word' id='word_1_19' title='bbox 470 366 502 431; x_wconf 73' lang='lat' dir='ltr'><strong>t).</strong></span> <span class='ocrx_word' id='word_1_20' title='bbox 530 363 531 366; x_wconf 46' lang='lat'>&#39;</span> <span class='ocrx_word' id='word_1_21' title='bbox 565 396 567 400; x_wconf 70' lang='lat'>,</span> <span class='ocrx_word' id='word_1_22' title='bbox 633 377 638 399; x_wconf 72' lang='lat'>³</span> 
     </span>
    </p>

    <p class='ocr_par' dir='ltr' id='par_1_3' title="bbox 94 455 753 1143">
     <span class='ocr_line' id='line_1_5' title="bbox 117 455 747 520; baseline 0.002 -14"><span class='ocrx_word' id='word_1_23' title='bbox 117 488 118 491; x_wconf 63' lang='lat'><em>=</em></span> <span class='ocrx_word' id='word_1_24' title='bbox 161 460 237 506; x_wconf 79' lang='lat' dir='ltr'><strong>Certo</strong></span> <span class='ocrx_word' id='word_1_25' title='bbox 249 465 334 503; x_wconf 88' lang='lat' dir='ltr'><strong>tamen</strong></span> <span class='ocrx_word' id='word_1_26' title='bbox 349 458 508 505; x_wconf 85' lang='lat' dir='ltr'><strong>desideratur</strong></span> <span class='ocrx_word' id='word_1_27' title='bbox 516 455 747 520; x_wconf 58' lang='lat' dir='ltr'><strong>significatiotemss</strong></span> 
     </span>
     <span class='ocr_line' id='line_1_6' title="bbox 94 545 748 611; baseline -0.002 -16"><span class='ocrx_word' id='word_1_28' title='bbox 94 550 176 611; x_wconf 85' lang='lat' dir='ltr'><strong>poris,</strong></span> <span class='ocrx_word' id='word_1_29' title='bbox 199 562 246 608; x_wconf 88' lang='lat' dir='ltr'><strong>qvo</strong></span> <span class='ocrx_word' id='word_1_30' title='bbox 260 545 389 608; x_wconf 86' lang='lat' dir='ltr'><strong>primiilli</strong></span> <span class='ocrx_word' id='word_1_31' title='bbox 404 549 546 594; x_wconf 86' lang='lat' dir='ltr'><strong>conditores</strong></span> <span class='ocrx_word' id='word_1_32' title='bbox 561 548 748 596; x_wconf 84' lang='lat' dir='ltr'><strong>Paulioiauismi</strong></span> 
     </span>
     <span class='ocr_line' id='line_1_7' title="bbox 96 635 749 697; baseline -0.003 -12"><span class='ocrx_word' id='word_1_33' title='bbox 96 638 213 686; x_wconf 81' lang='lat' dir='ltr'><strong>vixerint.</strong></span> <span class='ocrx_word' id='word_1_34' title='bbox 247 636 369 693; x_wconf 85' lang='lat' dir='ltr'><strong>Plurimi,</strong></span> <span class='ocrx_word' id='word_1_35' title='bbox 380 635 545 696; x_wconf 76' lang='lat' dir='ltr'><strong>Mosheinius,</strong></span> <span class='ocrx_word' id='word_1_36' title='bbox 557 637 749 697; x_wconf 72' lang='lat' dir='ltr'><strong>Schroeo&#39;lrltiu&#39;s,</strong></span> 
     </span>
     <span class='ocr_line' id='line_1_8' title="bbox 97 725 750 788; baseline 0.002 -16"><span class='ocrx_word' id='word_1_37' title='bbox 97 725 141 772; x_wconf 85' lang='lat' dir='ltr'><strong>alii</strong></span> <span class='ocrx_word' id='word_1_38' title='bbox 165 727 270 788; x_wconf 87' lang='lat' dir='ltr'><strong>septimo</strong></span> <span class='ocrx_word' id='word_1_39' title='bbox 298 725 389 772; x_wconf 83' lang='lat' dir='ltr'><strong>saeculo</strong></span> <span class='ocrx_word' id='word_1_40' title='bbox 413 726 460 774; x_wconf 91' lang='lat' dir='ltr'><strong>hos</strong></span> <span class='ocrx_word' id='word_1_41' title='bbox 485 727 602 773; x_wconf 85' lang='lat' dir='ltr'><strong>addicere</strong></span> <span class='ocrx_word' id='word_1_42' title='bbox 620 729 750 785; x_wconf 63' lang='lat' dir='ltr'><strong>uidentur,</strong></span> 
     </span>
     <span class='ocr_line' id='line_1_9' title="bbox 96 816 751 876; baseline -0.003 -14"><span class='ocrx_word' id='word_1_43' title='bbox 96 823 219 876; x_wconf 84' lang='lat' dir='ltr'><strong>ponentes</strong></span> <span class='ocrx_word' id='word_1_44' title='bbox 234 832 291 874; x_wconf 86' lang='lat' dir='ltr'><strong>eos,</strong></span> <span class='ocrx_word' id='word_1_45' title='bbox 308 831 359 862; x_wconf 92' lang='lat' dir='ltr'><strong>non</strong></span> <span class='ocrx_word' id='word_1_46' title='bbox 369 816 412 863; x_wconf 89' lang='lat' dir='ltr'><strong>diu</strong></span> <span class='ocrx_word' id='word_1_47' title='bbox 423 823 481 863; x_wconf 86' lang='lat' dir='ltr'><strong>ante</strong></span> <span class='ocrx_word' id='word_1_48' title='bbox 492 816 666 863; x_wconf 80' lang='lat' dir='ltr'><strong>restitutorem</strong></span> <span class='ocrx_word' id='word_1_49' title='bbox 677 823 751 863; x_wconf 84' lang='lat' dir='ltr'><strong>sectae</strong></span> 
     </span>
     <span class='ocr_line' id='line_1_10' title="bbox 99 902 753 966; baseline 0 -17"><span class='ocrx_word' id='word_1_50' title='bbox 99 904 291 952; x_wconf 86' lang='lat' dir='ltr'><strong>Constantinum</strong></span> <span class='ocrx_word' id='word_1_51' title='bbox 303 904 425 951; x_wconf 85' lang='lat' dir='ltr'><strong>floruisse.</strong></span> <span class='ocrx_word' id='word_1_52' title='bbox 467 902 507 951; x_wconf 79' lang='lat' dir='ltr'><strong>Ad</strong></span> <span class='ocrx_word' id='word_1_53' title='bbox 522 903 635 951; x_wconf 87' lang='lat' dir='ltr'><strong>Medium</strong></span> <span class='ocrx_word' id='word_1_54' title='bbox 651 905 753 966; x_wconf 85' lang='lat' dir='ltr'><strong>septimi</strong></span> 
     </span>
     <span class='ocr_line' id='line_1_11' title="bbox 99 989 753 1055; baseline -0.002 -16"><span class='ocrx_word' id='word_1_55' title='bbox 99 995 185 1040; x_wconf 84' lang='lat' dir='ltr'><strong>saeouli</strong></span> <span class='ocrx_word' id='word_1_56' title='bbox 199 991 382 1041; x_wconf 84' lang='lat' dir='ltr'><strong>Sohroeckhius</strong></span> <span class='ocrx_word' id='word_1_57' title='bbox 396 989 439 1039; x_wconf 85' lang='lat' dir='ltr'><strong>eos</strong></span> <span class='ocrx_word' id='word_1_58' title='bbox 453 993 534 1040; x_wconf 85' lang='lat' dir='ltr'><strong>refert</strong></span> <span class='ocrx_word' id='word_1_59' title='bbox 543 991 595 1054; x_wconf 41' lang='lat' dir='ltr'><strong>ff),</strong></span> <span class='ocrx_word' id='word_1_60' title='bbox 612 1008 753 1055; x_wconf 79' lang='lat' dir='ltr'><strong>provocans</strong></span> 
     </span>
     <span class='ocr_line' id='line_1_12' title="bbox 100 1080 753 1143; baseline -0.002 -15"><span class='ocrx_word' id='word_1_61' title='bbox 100 1084 131 1128; x_wconf 89' lang='lat' dir='ltr'><strong>ad</strong></span> <span class='ocrx_word' id='word_1_62' title='bbox 145 1083 265 1130; x_wconf 85' lang='lat' dir='ltr'><strong>Photiurn</strong></span> <span class='ocrx_word' id='word_1_63' title='bbox 279 1090 367 1128; x_wconf 86' lang='lat' dir='ltr'><strong>contra</strong></span> <span class='ocrx_word' id='word_1_64' title='bbox 382 1080 536 1127; x_wconf 81' lang='lat' dir='ltr'><strong>Manichaeos</strong></span> <span class='ocrx_word' id='word_1_65' title='bbox 555 1080 587 1129; x_wconf 73' lang='grc' dir='ltr'><strong>Ιι.</strong></span> <span class='ocrx_word' id='word_1_66' title='bbox 600 1082 621 1139; x_wconf 86' lang='lat' dir='ltr'><strong>I,</strong></span> <span class='ocrx_word' id='word_1_67' title='bbox 639 1097 663 1143; x_wconf 87' lang='lat' dir='ltr'><strong>p.</strong></span> <span class='ocrx_word' id='word_1_68' title='bbox 677 1086 695 1133; x_wconf 77' lang='grc'><em>4</em></span> <span class='ocrx_word' id='word_1_69' title='bbox 708 1098 753 1143; x_wconf 66' lang='lat' dir='ltr'><strong>sq„</strong></span> 
     </span>
    </p>
   </div>
   <div class='ocr_carea' id='block_1_3' title="bbox 99 1169 754 1219">
    <p class='ocr_par' dir='ltr' id='par_1_4' title="bbox 99 1169 754 1219">
     <span class='ocr_line' id='line_1_13' title="bbox 99 1169 754 1219; baseline -0.002 -2"><span class='ocrx_word' id='word_1_70' title='bbox 99 1172 144 1217; x_wconf 89' lang='lat' dir='ltr'><strong>ubi</strong></span> <span class='ocrx_word' id='word_1_71' title='bbox 166 1178 252 1219; x_wconf 87' lang='lat' dir='ltr'><strong>tamen</strong></span> <span class='ocrx_word' id='word_1_72' title='bbox 274 1170 339 1218; x_wconf 83' lang='lat' dir='ltr'><strong>nihil</strong></span> <span class='ocrx_word' id='word_1_73' title='bbox 363 1170 427 1216; x_wconf 86' lang='lat' dir='ltr'><strong>certi</strong></span> <span class='ocrx_word' id='word_1_74' title='bbox 451 1170 482 1217; x_wconf 87' lang='lat' dir='ltr'><strong>de</strong></span> <span class='ocrx_word' id='word_1_75' title='bbox 502 1171 550 1216; x_wconf 85' lang='lat' dir='ltr'><strong>hac</strong></span> <span class='ocrx_word' id='word_1_76' title='bbox 574 1186 603 1216; x_wconf 86' lang='lat' dir='ltr'><strong>re</strong></span> <span class='ocrx_word' id='word_1_77' title='bbox 627 1169 754 1217; x_wconf 86' lang='lat' dir='ltr'><strong>definitur.</strong></span> 
     </span>
    </p>
   </div>
   <div class='ocr_carea' id='block_1_4' title="bbox 105 1344 760 1898">
    <p class='ocr_par' dir='ltr' id='par_1_5' title="bbox 168 1344 756 1394">
     <span class='ocr_line' id='line_1_14' title="bbox 168 1344 756 1394; baseline 0 -11"><span class='ocrx_word' id='word_1_78' title='bbox 168 1348 261 1393; x_wconf 79' lang='lat' dir='ltr'><strong>majorum</strong></span> <span class='ocrx_word' id='word_1_79' title='bbox 275 1356 301 1382; x_wconf 78' lang='lat' dir='ltr'><strong>sc.</strong></span> <span class='ocrx_word' id='word_1_80' title='bbox 316 1344 411 1392; x_wconf 81' lang='lat' dir='ltr'><strong>exempto,</strong></span> <span class='ocrx_word' id='word_1_81' title='bbox 430 1346 463 1393; x_wconf 87' lang='lat' dir='ltr'><strong>qvi</strong></span> <span class='ocrx_word' id='word_1_82' title='bbox 477 1346 579 1394; x_wconf 78' lang='lat' dir='ltr'><strong>superioris</strong></span> <span class='ocrx_word' id='word_1_83' title='bbox 594 1347 653 1384; x_wconf 80' lang='lat' dir='ltr'><strong>aetatis</strong></span> <span class='ocrx_word' id='word_1_84' title='bbox 670 1346 756 1383; x_wconf 78' lang='lat' dir='ltr'><strong>doctores</strong></span> 
     </span>
    </p>

    <p class='ocr_par' dir='ltr' id='par_1_6' title="bbox 105 1409 758 1581">
     <span class='ocr_line' id='line_1_15' title="bbox 105 1409 756 1460; baseline -0.002 -13"><span class='ocrx_word' id='word_1_85' title='bbox 105 1458 107 1460; x_wconf 17' lang='grc' dir='ltr'><strong><em>ι</em></strong></span> <span class='ocrx_word' id='word_1_86' title='bbox 170 1423 224 1456; x_wconf 86' lang='lat' dir='ltr'><strong>suos,</strong></span> <span class='ocrx_word' id='word_1_87' title='bbox 242 1411 292 1459; x_wconf 88' lang='lat' dir='ltr'><strong>qvod</strong></span> <span class='ocrx_word' id='word_1_88' title='bbox 303 1421 325 1445; x_wconf 84' lang='lat' dir='ltr'><strong>ex</strong></span> <span class='ocrx_word' id='word_1_89' title='bbox 340 1409 358 1453; x_wconf 64' lang='lat' dir='ltr'><strong>l.</strong></span> <span class='ocrx_word' id='word_1_90' title='bbox 368 1412 430 1449; x_wconf 67' lang='lat'><strong>3⁶14</strong></span> <span class='ocrx_word' id='word_1_91' title='bbox 447 1416 530 1454; x_wconf 83' lang='lat' dir='ltr'><strong>constat,</strong></span> <span class='ocrx_word' id='word_1_92' title='bbox 547 1411 684 1446; x_wconf 85' lang='lat' dir='ltr'><strong>recentioribus</strong></span> <span class='ocrx_word' id='word_1_93' title='bbox 699 1417 756 1458; x_wconf 83' lang='lat' dir='ltr'><strong>post-</strong></span> 
     </span>
     <span class='ocr_line' id='line_1_16' title="bbox 167 1465 757 1524; baseline -0.003 -13"><span class='ocrx_word' id='word_1_94' title='bbox 167 1469 240 1524; x_wconf 85' lang='lat' dir='ltr'><strong>ponere</strong></span> <span class='ocrx_word' id='word_1_95' title='bbox 252 1485 353 1521; x_wconf 82' lang='lat' dir='ltr'><strong>eorumque</strong></span> <span class='ocrx_word' id='word_1_96' title='bbox 368 1472 419 1509; x_wconf 88' lang='lat' dir='ltr'><strong>inter</strong></span> <span class='ocrx_word' id='word_1_97' title='bbox 430 1484 449 1508; x_wconf 83' lang='lat' dir='ltr'><strong>st</strong></span> <span class='ocrx_word' id='word_1_98' title='bbox 465 1473 576 1510; x_wconf 78' lang='lat' dir='ltr'><strong>memoriam</strong></span> <span class='ocrx_word' id='word_1_99' title='bbox 593 1465 692 1509; x_wconf 76' lang='lat' dir='ltr'><strong>obliterare</strong></span> <span class='ocrx_word' id='word_1_100' title='bbox 706 1485 757 1509; x_wconf 88' lang='lat' dir='ltr'><strong>con-</strong></span> 
     </span>
     <span class='ocr_line' id='line_1_17' title="bbox 172 1535 758 1581; baseline -0.014 -2"><span class='ocrx_word' id='word_1_101' title='bbox 172 1547 277 1579; x_wconf 78' lang='lat' dir='ltr'><strong>sueverunt.</strong></span> <span class='ocrx_word' id='word_1_102' title='bbox 305 1537 384 1574; x_wconf 88' lang='lat' dir='ltr'><strong>Interim</strong></span> <span class='ocrx_word' id='word_1_103' title='bbox 393 1544 459 1573; x_wconf 80' lang='lat' dir='ltr'><strong>notare</strong></span> <span class='ocrx_word' id='word_1_104' title='bbox 470 1535 502 1574; x_wconf 87' lang='lat' dir='ltr'><strong>hic</strong></span> <span class='ocrx_word' id='word_1_105' title='bbox 513 1535 541 1573; x_wconf 86' lang='lat' dir='ltr'><strong>sas</strong></span> <span class='ocrx_word' id='word_1_106' title='bbox 552 1543 590 1581; x_wconf 84' lang='lat' dir='ltr'><strong>est,</strong></span> <span class='ocrx_word' id='word_1_107' title='bbox 602 1537 662 1573; x_wconf 79' lang='lat' dir='ltr'><strong>videri</strong></span> <span class='ocrx_word' id='word_1_108' title='bbox 670 1535 707 1572; x_wconf 89' lang='lat' dir='ltr'><strong>hoc</strong></span> <span class='ocrx_word' id='word_1_109' title='bbox 715 1537 758 1572; x_wconf 81' lang='lat' dir='ltr'><strong>loro</strong></span> 
     </span>
    </p>

    <p class='ocr_par' dir='ltr' id='par_1_7' title="bbox 107 1600 760 1898">
     <span class='ocr_line' id='line_1_18' title="bbox 107 1600 759 1653; baseline -0.011 -11"><span class='ocrx_word' id='word_1_110' title='bbox 107 1650 109 1653; x_wconf 89' lang='lat'>.</span> <span class='ocrx_word' id='word_1_111' title='bbox 172 1607 223 1641; x_wconf 86' lang='lat' dir='ltr'><strong>Petr.</strong></span> <span class='ocrx_word' id='word_1_112' title='bbox 236 1604 319 1640; x_wconf 83' lang='lat' dir='ltr'><strong>Siculum</strong></span> <span class='ocrx_word' id='word_1_113' title='bbox 325 1600 394 1638; x_wconf 87' lang='lat' dir='ltr'><strong>Photio</strong></span> <span class='ocrx_word' id='word_1_114' title='bbox 406 1601 465 1646; x_wconf 83' lang='lat' dir='ltr'><strong>abire,</strong></span> <span class='ocrx_word' id='word_1_115' title='bbox 474 1600 549 1648; x_wconf 87' lang='lat' dir='ltr'><strong>qvando</strong></span> <span class='ocrx_word' id='word_1_116' title='bbox 558 1603 608 1648; x_wconf 58' lang='lat' dir='ltr'><strong>pl&amp;</strong></span> <span class='ocrx_word' id='word_1_117' title='bbox 619 1601 644 1646; x_wconf 89' lang='lat' dir='ltr'><strong>(et</strong></span> <span class='ocrx_word' id='word_1_118' title='bbox 649 1602 679 1647; x_wconf 74' lang='lat'><strong>36)</strong></span> <span class='ocrx_word' id='word_1_119' title='bbox 690 1600 759 1638; x_wconf 84' lang='lat' dir='ltr'><strong>diserte</strong></span> 
     </span>
     <span class='ocr_line' id='line_1_19' title="bbox 172 1664 759 1707; baseline -0.007 -2"><span class='ocrx_word' id='word_1_120' title='bbox 172 1669 326 1706; x_wconf 85' lang='lat' dir='ltr'><strong>Paulicianorum</strong></span> <span class='ocrx_word' id='word_1_121' title='bbox 341 1677 410 1701; x_wconf 84' lang='lat' dir='ltr'><strong>nomen</strong></span> <span class='ocrx_word' id='word_1_122' title='bbox 424 1677 436 1701; x_wconf 84' lang='lat' dir='ltr'><strong>a</strong></span> <span class='ocrx_word' id='word_1_123' title='bbox 449 1665 508 1701; x_wconf 84' lang='lat' dir='ltr'><strong>Paulo</strong></span> <span class='ocrx_word' id='word_1_124' title='bbox 523 1671 541 1700; x_wconf 86' lang='lat' dir='ltr'><strong>ot</strong></span> <span class='ocrx_word' id='word_1_125' title='bbox 556 1665 639 1707; x_wconf 74' lang='lat' dir='ltr'><strong>Jmnne&#39;,</strong></span> <span class='ocrx_word' id='word_1_126' title='bbox 657 1664 759 1701; x_wconf 88' lang='lat' dir='ltr'><strong>Callinices</strong></span> 
     </span>
     <span class='ocr_line' id='line_1_20' title="bbox 173 1726 759 1779; baseline -0.005 -12"><span class='ocrx_word' id='word_1_127' title='bbox 173 1732 229 1777; x_wconf 75' lang='lat' dir='ltr'><strong>liliis,</strong></span> <span class='ocrx_word' id='word_1_128' title='bbox 248 1728 337 1767; x_wconf 87' lang='lat' dir='ltr'><strong>derivat.’&#39;</strong></span> <span class='ocrx_word' id='word_1_129' title='bbox 366 1728 410 1764; x_wconf 86' lang='lat' dir='ltr'><strong>Hoc</strong></span> <span class='ocrx_word' id='word_1_130' title='bbox 423 1739 468 1764; x_wconf 84' lang='lat' dir='ltr'><strong>vero</strong></span> <span class='ocrx_word' id='word_1_131' title='bbox 483 1728 548 1765; x_wconf 83' lang='lat' dir='ltr'><strong>fefellit</strong></span> <span class='ocrx_word' id='word_1_132' title='bbox 564 1726 712 1779; x_wconf 76' lang='lat' dir='ltr'><strong>Sohroeelrhium</strong></span> <span class='ocrx_word' id='word_1_133' title='bbox 726 1729 759 1775; x_wconf 83' lang='lat' dir='ltr'><strong>qvi</strong></span> 
     </span>
     <span class='ocr_line' id='line_1_21' title="bbox 175 1784 760 1844; baseline -0.015 -8"><span class='ocrx_word' id='word_1_134' title='bbox 175 1791 283 1844; x_wconf 66' lang='lat' dir='ltr'><strong>(optutu</strong></span> <span class='ocrx_word' id='word_1_135' title='bbox 293 1792 451 1842; x_wconf 57' lang='lat' dir='ltr'><strong>utrumnum</strong></span> <span class='ocrx_word' id='word_1_136' title='bbox 462 1805 485 1831; x_wconf 60' lang='grc' dir='ltr'><strong>κο</strong></span> <span class='ocrx_word' id='word_1_137' title='bbox 494 1795 528 1838; x_wconf 75' lang='lat' dir='ltr'><strong>uo.</strong></span> <span class='ocrx_word' id='word_1_138' title='bbox 539 1796 586 1839; x_wconf 64' lang='lat' dir='ltr'><strong>ott.</strong></span> <span class='ocrx_word' id='word_1_139' title='bbox 597 1793 630 1839; x_wconf 78' lang='lat'><strong>⁶4)</strong></span> <span class='ocrx_word' id='word_1_140' title='bbox 642 1784 760 1827; x_wconf 70' lang='lat' dir='ltr'><strong>eontrarium</strong></span> 
     </span>
     <span class='ocr_line' id='line_1_22' title="bbox 173 1862 245 1898; baseline 0 -1"><span class='ocrx_word' id='word_1_141' title='bbox 173 1862 245 1898; x_wconf 74' lang='lat' dir='ltr'><strong>attulit.v</strong></span> 
     </span>
    </p>
   </div>
   <div class='ocr_carea' id='block_1_5' title="bbox 111 1945 763 2382">
    <p class='ocr_par' dir='ltr' id='par_1_8' title="bbox 131 1945 760 1999">
     <span class='ocr_line' id='line_1_23' title="bbox 131 1945 760 1999; baseline -0.014 -9"><span class='ocrx_word' id='word_1_142' title='bbox 131 1952 150 1999; x_wconf 77' lang='lat'><strong>&#39;‘)</strong></span> <span class='ocrx_word' id='word_1_143' title='bbox 175 1953 270 1990; x_wconf 81' lang='lat' dir='ltr'><strong>Cedrenus</strong></span> <span class='ocrx_word' id='word_1_144' title='bbox 285 1952 299 1988; x_wconf 84' lang='lat' dir='ltr'><strong>l.</strong></span> <span class='ocrx_word' id='word_1_145' title='bbox 310 1962 325 1986; x_wconf 86' lang='lat' dir='ltr'><strong>c.</strong></span> <span class='ocrx_word' id='word_1_146' title='bbox 337 1962 356 1997; x_wconf 87' lang='lat' dir='ltr'><strong>p.</strong></span> <span class='ocrx_word' id='word_1_147' title='bbox 368 1949 409 1988; x_wconf 78' lang='lat'><strong>480.</strong></span> <span class='ocrx_word' id='word_1_148' title='bbox 437 1947 461 1989; x_wconf 81' lang='lat' dir='ltr'><strong>C.</strong></span> <span class='ocrx_word' id='word_1_149' title='bbox 474 1947 498 1983; x_wconf 87' lang='lat' dir='ltr'><strong>E.</strong></span> <span class='ocrx_word' id='word_1_150' title='bbox 509 1946 632 1983; x_wconf 86' lang='lat' dir='ltr'><strong>Weismanni</strong></span> <span class='ocrx_word' id='word_1_151' title='bbox 642 1945 760 1983; x_wconf 81' lang='lat' dir='ltr'><strong>introductio</strong></span> 
     </span>
    </p>

    <p class='ocr_par' dir='ltr' id='par_1_9' title="bbox 173 2010 760 2057">
     <span class='ocr_line' id='line_1_24' title="bbox 173 2010 760 2057; baseline -0.017 -3"><span class='ocrx_word' id='word_1_152' title='bbox 173 2019 195 2053; x_wconf 90' lang='lat' dir='ltr'><strong>in</strong></span> <span class='ocrx_word' id='word_1_153' title='bbox 207 2014 325 2053; x_wconf 85' lang='lat' dir='ltr'><strong>Memorabil.</strong></span> <span class='ocrx_word' id='word_1_154' title='bbox 336 2013 443 2049; x_wconf 83' lang='lat' dir='ltr'><strong>Ecclesiast.</strong></span> <span class='ocrx_word' id='word_1_155' title='bbox 455 2010 563 2049; x_wconf 52' lang='lat' dir='ltr'><strong>tristarer.</strong></span> <span class='ocrx_word' id='word_1_156' title='bbox 571 2011 595 2048; x_wconf 88' lang='lat' dir='ltr'><strong>N.</strong></span> <span class='ocrx_word' id='word_1_157' title='bbox 606 2011 630 2047; x_wconf 89' lang='lat' dir='ltr'><strong>T.</strong></span> <span class='ocrx_word' id='word_1_158' title='bbox 641 2010 760 2057; x_wconf 75' lang='lat' dir='ltr'><strong>stuttgardtae</strong></span> 
     </span>
    </p>

    <p class='ocr_par' dir='ltr' id='par_1_10' title="bbox 111 2073 761 2129">
     <span class='ocr_line' id='line_1_25' title="bbox 111 2073 761 2129; baseline -0.022 -7"><span class='ocrx_word' id='word_1_159' title='bbox 111 2084 112 2087; x_wconf 65' lang='grc'>’</span> <span class='ocrx_word' id='word_1_160' title='bbox 174 2084 220 2122; x_wconf 82' lang='grc'>1718</span> <span class='ocrx_word' id='word_1_161' title='bbox 234 2094 254 2129; x_wconf 79' lang='lat' dir='ltr'><strong>p·</strong></span> <span class='ocrx_word' id='word_1_162' title='bbox 264 2081 305 2120; x_wconf 83' lang='lat'>675.</span> <span class='ocrx_word' id='word_1_163' title='bbox 328 2079 402 2114; x_wconf 82' lang='lat' dir='ltr'><strong>Forsan</strong></span> <span class='ocrx_word' id='word_1_164' title='bbox 416 2083 486 2123; x_wconf 83' lang='lat' dir='ltr'><strong>spectat</strong></span> <span class='ocrx_word' id='word_1_165' title='bbox 501 2074 540 2110; x_wconf 75' lang='lat' dir='ltr'><strong>haee</strong></span> <span class='ocrx_word' id='word_1_166' title='bbox 555 2075 654 2122; x_wconf 79' lang='lat' dir='ltr'><strong>appellatio</strong></span> <span class='ocrx_word' id='word_1_167' title='bbox 670 2073 693 2110; x_wconf 93' lang='lat' dir='ltr'><strong>ad</strong></span> <span class='ocrx_word' id='word_1_168' title='bbox 703 2074 761 2109; x_wconf 80' lang='lat' dir='ltr'><strong>helli-</strong></span> 
     </span>
    </p>

    <p class='ocr_par' dir='ltr' id='par_1_11' title="bbox 174 2134 763 2184">
     <span class='ocr_line' id='line_1_26' title="bbox 174 2134 763 2184; baseline -0.014 -4"><span class='ocrx_word' id='word_1_169' title='bbox 174 2156 238 2180; x_wconf 87' lang='lat' dir='ltr'><strong>cosam</strong></span> <span class='ocrx_word' id='word_1_170' title='bbox 246 2139 397 2179; x_wconf 67' lang='lat' dir='ltr'><strong>paulicianorum</strong></span> <span class='ocrx_word' id='word_1_171' title='bbox 411 2140 446 2177; x_wconf 89' lang='lat' dir='ltr'><strong>sub</strong></span> <span class='ocrx_word' id='word_1_172' title='bbox 462 2139 535 2176; x_wconf 81' lang='lat' dir='ltr'><strong>Carltea</strong></span> <span class='ocrx_word' id='word_1_173' title='bbox 551 2146 569 2174; x_wconf 88' lang='lat' dir='ltr'><strong>et</strong></span> <span class='ocrx_word' id='word_1_174' title='bbox 587 2134 717 2184; x_wconf 70' lang='lat' dir='ltr'><strong>Ch1·yeochere</strong></span> <span class='ocrx_word' id='word_1_175' title='bbox 727 2139 763 2173; x_wconf 90' lang='lat' dir='ltr'><strong>in-</strong></span> 
     </span>
    </p>

    <p class='ocr_par' dir='ltr' id='par_1_12' title="bbox 175 2203 763 2253">
     <span class='ocr_line' id='line_1_27' title="bbox 175 2203 763 2253; baseline -0.014 -9"><span class='ocrx_word' id='word_1_176' title='bbox 175 2208 248 2251; x_wconf 82' lang='lat' dir='ltr'><strong>dotem,</strong></span> <span class='ocrx_word' id='word_1_177' title='bbox 265 2207 317 2253; x_wconf 87' lang='lat' dir='ltr'><strong>qvasi</strong></span> <span class='ocrx_word' id='word_1_178' title='bbox 327 2205 436 2250; x_wconf 67' lang='lat' dir='ltr'><strong>tttyyovos:</strong></span> <span class='ocrx_word' id='word_1_179' title='bbox 449 2205 481 2252; x_wconf 84' lang='lat' dir='ltr'><strong>qvi</strong></span> <span class='ocrx_word' id='word_1_180' title='bbox 491 2204 544 2249; x_wconf 78' lang='lat' dir='ltr'><strong>tongi</strong></span> <span class='ocrx_word' id='word_1_181' title='bbox 555 2215 595 2238; x_wconf 91' lang='lat' dir='ltr'><strong>non</strong></span> <span class='ocrx_word' id='word_1_182' title='bbox 604 2203 657 2246; x_wconf 86' lang='lat' dir='ltr'><strong>vult,</strong></span> <span class='ocrx_word' id='word_1_183' title='bbox 669 2203 710 2237; x_wconf 88' lang='lat' dir='ltr'><strong>noli</strong></span> <span class='ocrx_word' id='word_1_184' title='bbox 719 2213 763 2237; x_wconf 85' lang='lat' dir='ltr'><strong>me-</strong></span> 
     </span>
    </p>

    <p class='ocr_par' dir='ltr' id='par_1_13' title="bbox 176 2263 763 2382">
     <span class='ocr_line' id='line_1_28' title="bbox 176 2263 763 2320; baseline -0.014 -11"><span class='ocrx_word' id='word_1_185' title='bbox 176 2281 259 2320; x_wconf 82' lang='lat' dir='ltr'><strong>tangere.</strong></span> <span class='ocrx_word' id='word_1_186' title='bbox 271 2290 294 2297; x_wconf 96' lang='lat'><em>-</em></span> <span class='ocrx_word' id='word_1_187' title='bbox 306 2268 412 2305; x_wconf 80' lang='lat' dir='ltr'><strong>Gibhonius</strong></span> <span class='ocrx_word' id='word_1_188' title='bbox 427 2267 449 2310; x_wconf 90' lang='lat' dir='ltr'><strong>(l.</strong></span> <span class='ocrx_word' id='word_1_189' title='bbox 465 2280 481 2304; x_wconf 89' lang='lat' dir='ltr'><strong>c.</strong></span> <span class='ocrx_word' id='word_1_190' title='bbox 497 2281 516 2315; x_wconf 88' lang='lat' dir='ltr'><strong>p.</strong></span> <span class='ocrx_word' id='word_1_191' title='bbox 530 2269 563 2312; x_wconf 73' lang='grc'><strong>64)</strong></span> <span class='ocrx_word' id='word_1_192' title='bbox 576 2278 675 2315; x_wconf 78' lang='lat' dir='ltr'><strong>perperam</strong></span> <span class='ocrx_word' id='word_1_193' title='bbox 693 2263 763 2302; x_wconf 84' lang='lat' dir='ltr'><strong>nomeu</strong></span> 
     </span>
     <span class='ocr_line' id='line_1_29' title="bbox 177 2331 609 2382; baseline -0.012 -9"><span class='ocrx_word' id='word_1_194' title='bbox 177 2336 329 2373; x_wconf 82' lang='lat' dir='ltr'><strong>Paulicianoruur</strong></span> <span class='ocrx_word' id='word_1_195' title='bbox 337 2345 349 2369; x_wconf 88' lang='lat' dir='ltr'><strong>a</strong></span> <span class='ocrx_word' id='word_1_196' title='bbox 360 2333 418 2369; x_wconf 88' lang='lat' dir='ltr'><strong>Paulo</strong></span> <span class='ocrx_word' id='word_1_197' title='bbox 430 2332 522 2382; x_wconf 85' lang='lat' dir='ltr'><strong>Apostolo</strong></span> <span class='ocrx_word' id='word_1_198' title='bbox 532 2331 609 2368; x_wconf 80' lang='lat' dir='ltr'><strong>derivat.</strong></span> 
     </span>
    </p>
   </div>
   <div class='ocr_carea' id='block_1_6' title="bbox 109 2406 301 2480">
    <p class='ocr_par' dir='ltr' id='par_1_14' title="bbox 109 2406 301 2480">
     <span class='ocr_line' id='line_1_30' title="bbox 109 2406 301 2480; baseline -0.021 -15"><span class='ocrx_word' id='word_1_199' title='bbox 109 2406 111 2411; x_wconf 65' lang='grc'><em>’</em></span> <span class='ocrx_word' id='word_1_200' title='bbox 129 2428 153 2480; x_wconf 74' lang='grc'><strong>“)</strong></span> <span class='ocrx_word' id='word_1_201' title='bbox 176 2429 189 2466; x_wconf 88' lang='lat'><strong>1.</strong></span> <span class='ocrx_word' id='word_1_202' title='bbox 201 2442 217 2465; x_wconf 77' lang='lat' dir='ltr'><strong>c.</strong></span> <span class='ocrx_word' id='word_1_203' title='bbox 230 2442 249 2477; x_wconf 79' lang='lat' dir='ltr'><strong>p.</strong></span> <span class='ocrx_word' id='word_1_204' title='bbox 261 2427 301 2468; x_wconf 72' lang='lat' dir='ltr'><strong>teo.</strong></span> 
     </span>
    </p>
   </div>
   <div class='ocr_carea' id='block_1_7' title="bbox 0 0 831 2799">
    <p class='ocr_par' dir='ltr' id='par_1_15' title="bbox 0 0 831 2799">
     <span class='ocr_line' id='line_1_31' title="bbox 0 0 831 2799; baseline 0 0"><span class='ocrx_word' id='word_1_205' title='bbox 0 0 831 2799; x_wconf 95' lang='lat' dir='ltr'><strong> </strong></span> 
     </span>
    </p>
   </div>
  </div>
 </body>
</html>
