1602 2799
422 51 455 103 41

183 190 295 254 Vestigia
318 193 427 254 qvaedam
449 191 521 253 hujus
544 181 666 254 dogmatis
690 191 765 239 etiam

120 282 185 343 apud
206 282 362 329 Paulicianos
389 282 565 328 Occitlentales
596 269 767 344 reperiuntun

120 349 159 417 Sic
171 374 237 418 enim
245 371 480 418 habetMuratorius
490 370 542 417 l.l.:
560 373 641 431 ”qvod
651 373 765 418 Christus

120 479 170 508 non
186 462 258 507 duxit
279 477 378 507 carnem
400 460 430 505 de
450 459 526 506 coelo¹
549 458 579 507 A.
594 468 620 506 et
632 460 660 506 Β.
694 460 766 519 Qvod

121 552 235 598 Christus
249 565 300 595 non
314 556 353 595 est
369 547 435 595 filius
449 549 529 595 beatae
542 547 637 596 Mariae.
671 542 730 596 Aet
737 551 767 597 Β.

121 640 194 698 Qvod
215 639 328 685 Christus
347 654 397 685 non
419 641 506 686 sumsit
524 656 623 687 carnem
643 640 673 685 dc
693 641 768 686 beata

121 726 210 775 Maria.
243 727 273 777 A.
284 736 309 774 et
319 729 347 774 Β.
377 728 451 787 Qvod
469 730 543 775 beata
556 727 639 774 Maria
652 726 769 774 nonfuit

122 818 214 864 mulier
232 814 297 864 Aet
318 818 340 879 Βι
354 816 385 882 t).
429 818 502 877 Qvod
518 818 632 864 Christus
651 814 770 863 nonfuit

121 923 194 955 verns
208 907 295 966 homo,
318 924 370 953 non
390 908 497 953 comedit
517 908 696 969 corporaliter,
718 922 771 953 non

120 995 172 1042 fuit
180 1012 266 1057 passus
276 997 303 1043 in
315 996 395 1043 Cruce
407 997 447 1045 tel
457 997 576 1043 incarne
587 996 728 1058 (ceteraqve
740 997 772 1042 ad

122 1086 294 1130 Docetismum
307 1086 461 1145 pertinentia
486 1085 610 1145 dogmata)
630 1084 660 1131 A.
681 1093 707 1130 et
726 1085 771 1131 B.''

121 1174 181 1235 Pag‚
200 1174 281 1227 1501.
299 1191 319 1220 o.
342 1175 369 1219 in
387 1173 522 1234 specimine
545 1175 628 1235 operis
654 1173 772 1235 Gregorii

124 1280 198 1324 supra
208 1270 360 1321 memorato,
377 1262 525 1308 inscribitur
541 1261 600 1323 Cap.
612 1266 639 1314 5:
657 1262 710 1308 ”De
719 1262 772 1307 hu-

124 1353 244 1398 manitate
252 1351 353 1409 Christi,
365 1367 437 1412 qvam
447 1350 581 1396 Paterinns
586 1343 773 1412 phantasticam

125 1457 177 1487 esse
197 1441 268 1496 dicit,
290 1439 435 1485 Catholicns
449 1456 534 1488 veram
551 1441 691 1487 confitetur.
733 1440 774 1486 Cf,

123 1514 204 1590 Epist.
215 1529 328 1574 Corinth.
344 1529 374 1574 ad
384 1529 491 1575 Paolum
502 1528 574 1576 Vers.
588 1538 618 1582 13
631 1531 648 1575 l.
660 1547 681 1576 o.
696 1547 720 1591 p.
733 1534 775 1588 691·

123 1619 189 1664 Vide
211 1634 306 1680 qvoqve
336 1617 444 1663 Cedren:
481 1618 498 1662 l.
518 1635 538 1663 o.
559 1619 589 1664 de
611 1616 771 1667 Paulinianis:

124 1707 236 1752 ’'dicunt:
271 1706 351 1752 Credo
376 1707 403 1752 in
430 1707 611 1753 sanctissimam
631 1707 776 1768 Dciparam,'

125 1798 151 1842 in
167 1813 238 1859 qvam
253 1797 369 1852 intrarit,
394 1803 420 1840 et
439 1811 471 1841 cx
491 1812 538 1857 qva
556 1796 634 1843 exivit
643 1797 774 1842 Dominus.

112 1885 173 1950 *Hie
200 1886 283 1933 verbis
304 1883 400 1929 occulte
427 1890 517 1930 notant
541 1884 775 1951 Hierosolymorum

125 1975 213 2021 urbem
233 1976 387 2035 superum?
420 1972 450 2018 In
469 1974 535 2019 libro
557 1973 607 2021 Jac.
628 1973 707 2020 'Pollii
729 1975 775 2020 ln-

128 2062 207 2122 signia
219 2071 266 2109 oto.
281 2069 506 2108 commemorantur
517 2078 611 2125 qvoqve
624 2064 652 2109 in
660 2061 775 2110 Anatho-

127 2158 191 2196 mate
210 2150 255 2196 Ill.
271 2150 307 2197 IV
322 2159 347 2198 et
367 2150 416 2199 Vto
436 2151 559 2214 Dogmata
573 2152 777 2199 Panlioianorum

153 2303 169 2351 ⁴)
192 2304 237 2339 Haec
249 2304 340 2340 sententia
352 2307 405 2342 omni
417 2316 472 2343 sensu
483 2317 546 2342 carere
557 2305 643 2349 ridetur,
665 2308 737 2345 sinon
754 2306 777 2342 ad

195 2368 315 2417 symbolicam
327 2367 378 2405 illam
395 2370 570 2419 interpretationem
582 2370 604 2405 de
616 2368 649 2408 tva
661 2370 778 2419 Ἰερουσαλήμ

195 2432 281 2471 refertur.
