1602 2799
401 30 437 80 58

96 175 176 221 cultui
190 172 287 217 omnino
303 187 353 216 non
366 170 498 230 favebant,
516 175 625 233 graviter
638 183 740 224 renatos

97 263 180 310 fuisse.
221 260 282 307 Inde
297 261 421 321 seqvitur,
444 261 503 306 alias
520 263 645 308 exstitisse
657 268 743 312 ratio-

97 368 140 399 nes
155 367 199 396 cur
214 357 266 395 tam
283 350 370 396 acerbe
388 348 570 411 affligerentur,
586 351 661 397 'inter
676 367 744 413 qvas,

96 440 185 486 saltem
206 439 270 500 qvod
294 437 450 484 Paulicianos
474 438 617 485 Orientales
644 439 742 501 attinet,

97 528 247 575 consociatio
268 526 357 574 horum
378 529 435 575 ‘cu'm
455 527 584 576 Saracenis
602 527 746 591 computari

97 625 189 680 potest.

165 707 239 765 Qvod
250 714 333 753 autem
347 707 453 753 maxime
468 707 575 755 valuerit
587 710 652 762 ratio
666 725 746 770 nuper

100 797 188 855 allata,
211 797 332 856 oppositio
348 812 437 857 nempe
453 796 654 843 Paulicianorum
671 799 748 843 abso·-

98 887 152 933 luta
174 892 260 931 contra
276 885 461 945 Hierarchiam‚
487 895 539 932 tam
555 888 635 948 quoad
650 890 747 933 consti-

99 976 223 1021 tutionem
238 974 352 1020 formulae
372 975 444 1032 fidei,
465 974 621 1037 Evangelicis
636 984 660 1022 et
677 976 748 1037 Apo-

101 1063 196 1109 stolicis
212 1062 311 1121 scriptis
326 1063 407 1106 solum
421 1062 566 1118 fundandae,
585 1079 657 1122 qvam
671 1067 749 1109 resti-

98 1152 222 1197 tutionem
252 1149 428 1196 Institutorum
463 1149 573 1195 ecclcsiae
607 1148 748 1197 christianae

98 1240 232 1301 primitivae
246 1246 362 1300 respectu
379 1238 474 1284 ordinis
490 1239 630 1297 doctorum,
649 1239 749 1285 hociu-

99 1328 212 1376 culenter
235 1328 294 1373 satis
313 1327 528 1388 patereridetur
549 1343 581 1373 ex
600 1334 655 1372 tota
675 1336 748 1374 sectae

98 1417 217 1473 historia,
248 1417 307 1462 inde
331 1433 345 1462 a
364 1415 654 1464 Constantino-Silvano
667 1417 748 1478 'usqve

100 1508 131 1552 ad
147 1506 271 1567 Sergium,
294 1506 344 1551 imo
360 1521 405 1566 per
421 1521 494 1551 omne
510 1513 619 1566 tempus,
643 1522 690 1567 qvo
705 1506 749 1554 vi-

99 1596 240 1657 guitsecta.
274 1592 428 1656 Argumento
444 1602 493 1641 est:
541 1631 544 1635 .

117 1687 142 1740 a)
167 1685 304 1730 Decretum
322 1701 396 1744 supra
412 1683 575 1729 memoratum
591 1683 748 1730 Constantini

166 1774 197 1819 de
211 1773 346 1835 Evangelio
364 1779 390 1818 et
403 1773 517 1833 Apostoli
536 1774 637 1834 scriptis
653 1780 749 1818 tantum

164 1863 287 1923 legendis,
305 1878 358 1925 qvae
373 1877 402 1907 eo
418 1869 531 1922 tempore
542 1862 656 1922 plurimis
665 1863 749 1921 ignota

165 1948 241 1997 fuisse
266 1952 387 2013 suspicari
408 1952 479 2009 licet,
511 1968 566 1997 oum
586 1950 747 1996 Constantino

165 2053 211 2099 per
231 2041 371 2087 Diaconum
396 2056 426 2085 ex
454 2041 598 2101 captivitate
624 2054 749 2087 reversum

165 2130 274 2190 primum
287 2137 347 2176 nota
359 2127 436 2175 tuisse
448 2130 587 2178 videantur.

118 2217 143 2280 b)
169 2219 328 2282 Colloqvium
348 2218 428 2280 Sergii
448 2235 503 2265 cum
525 2219 630 2264 muliere
645 2217 748 2279 quadam

167 2304 320 2366 Manichaea,
341 2309 381 2356 vel
397 2307 598 2355 Paulinianorum
613 2315 686 2353 sectae
701 2306 748 2350 ad·

108 2421 110 2426 ¹
162 2397 245 2457 dicta,
269 2399 334 2460 qvod
352 2397 413 2455 hic,
441 2398 471 2444 ad
492 2399 665 2459 compendium
686 2412 747 2441 con-
