1602 2799
387 33 423 85 42

83 179 202 236 Docetica
208 191 214 235 3
225 175 252 219 it.
264 176 289 220 in
295 173 385 219 Anath.
394 187 442 220 xx.
453 173 507 236 ’'qvi
518 186 626 225 sanctam
635 179 730 241 Deipa-

80 287 136 323 *rem
149 265 254 312 Mariam
269 264 419 310 contumelia
435 263 561 325 efficiunt,
579 271 656 328 ipsam
671 286 729 318 vero

84 358 180 404 honore
190 372 216 401 se
228 355 326 400 afficere
337 356 488 414 simulantes,
505 356 581 415 illem,
593 373 645 418 qvae
657 374 731 419 supra

83 456 134 506 est,
151 441 208 504 ἰλύν
225 443 330 506 (limum)
344 461 416 507 qvam
429 446 534 493 intrasse
549 455 574 493 et
585 447 673 492 exiisse
684 447 732 492 do-

84 540 180 591 minum
194 534 287 592 ferunt.
389 590 391 592 Ι

148 626 209 683 Qvae
240 624 304 685 apud
331 624 449 670 Photium
477 640 551 686 supru
580 623 620 688 (cf.
651 624 731 672 Wolf.

82 716 178 763 Anecd.
191 730 215 774 p.
226 718 268 771 30)
281 722 306 761 et
321 714 388 760 Pete
399 714 508 761 Siculum
518 723 532 766 3
544 715 602 776 Cep.
616 715 661 776 (sy)
669 732 731 761 nar-

84 813 173 853 rantur
184 805 213 848 de
225 803 479 860 contemtione-Sacrae
490 804 579 849 Coenae
591 806 655 865 opud
664 804 733 851 Peu-

81 896 199 952 licinn0s‚
226 893 404 939 confirmentur
422 895 571 939 testimoniis
591 892 684 939 Leonis
697 893 732 939 M.

85 988 116 1032 (ie
131 982 278 1030 Manichaeis
297 981 360 1043 Opp.
378 982 408 1029 T.
419 983 438 1028 I.
452 999 476 1044 p.
492 989 540 1037 917
555 990 579 1030 et
597 983 692 1029 Gelasii
706 985 733 1029 in

84 1077 188 1126 Decret„
207 1071 247 1114 De
258 1071 400 1114 Consecrat.
415 1072 470 1114 dist.
483 1079 512 1121 11
528 1073 585 1116 vide
597 1071 673 1115 Tiriio
684 1073 701 1116 1.
713 1089 732 1117 c.

83 1164 102 1227 ᾗ,
119 1164 151 1215 26
165 1177 189 1221 p.
206 1162 342 1212 180—181.
378 1158 506 1203 Cedrenns
522 1158 540 1206 1.
552 1176 572 1204 c.
585 1139 679 1220 qvoqve
691 1158 732 1203 af-

84 1252 148 1300 fert:
170 1248 266 1308 ”Impie
277 1247 306 1291 de
319 1247 408 1295 divinis
420 1247 546 1307 mysteriis
560 1255 650 1292 sanctae
662 1264 732 1293 com-

81 1339 208 1389 munionis
225 1338 337 1397 percussi
355 1338 469 1397 corporis
492 1343 518 1381 et
536 1339 661 1397 sanguinis
675 1337 732 1381 Do-

83 1430 146 1478 mini
164 1428 246 1473 nostri
265 1427 324 1472 Jesu
349 1425 442 1471 Christi
468 1426 594 1487 garriunt,
622 1427 731 1473 dicentes

82 1518 220 1573 Dominum
236 1515 314 1570 rerba
330 1531 374 1560 sun
394 1513 521 1575 Apostoiis
540 1515 637 1560 dedisse
657 1532 732 1577 eaqve

82 1609 182 1671 jussisse
197 1605 413 1666 accipere‚,ede1¹e
424 1622 451 1650 ac
461 1605 561 1662 bibere,
584 1619 634 1649 non
644 1621 733 1665 panem

85 1697 222 1751 ettinum,
245 1708 298 1755 qvae
320 1695 418 1754 quidem
437 1694 511 1739 etiam
532 1693 669 1739 adhibenda
684 1711 732 1739 ne-

83 1790 166 1849 gant.’'
210 1782 244 1828 Et
262 1780 396 1836 Moshemii
420 1783 500 1828 instit.
524 1782 582 1830 Saec.
603 1796 642 1828 IX.
661 1783 688 1827 C.
705 1796 732 1828 V.

82 1875 102 1938 ᾗ,
132 1888 164 1920 VI
188 1874 243 1919 sub.
263 1886 306 1918 ΠΙ.
333 1880 359 1927 et
381 1872 441 1918 Saec.
467 1885 506 1917 XI.
532 1888 556 1933 p.
580 1877 675 1925 381c.
701 1884 733 1917 IV

83 1966 139 2010 sub.
158 1976 189 2009 rr.
226 1962 264 2008 De
285 1962 413 2010 haereticis
436 1979 495 2023 qvos
522 1963 646 2017 convertit
665 1961 733 2007 Ger-

83 2052 176 2099 hardus
198 2050 245 2097 hu.
267 2059 337 2104 1030.
388 2050 540 2098 Muratorius
563 2053 581 2097 l.
604 2069 624 2096 c.
642 2052 731 2097 hehet:

83 2143 173 2202 ’'Qvod
183 2140 368 2188 Sacramentum
379 2139 472 2190 Alteris
484 2141 547 2187 nihil
558 2149 602 2187 est.
624 2139 734 2187 A.B.O.¹'

84 2233 149 2277 Item
159 2232 237 2276 Tollii
247 2231 338 2292 insign.
349 2233 366 2278 i.
379 2248 400 2277 c.
411 2231 477 2277 Note
486 2244 520 2275 11:
550 2229 613 2293 ”jam
623 2232 667 2276 diu
677 2237 733 2274 ante

85 2321 212 2367 Munetem
226 2319 297 2367 inere
312 2322 338 2366 in
350 2321 464 2367 Ecclesia
478 2322 518 2383 qvi
533 2321 562 2366 ab
577 2320 735 2366 Eucharistin

85 2404 259 2458 abhorrerent.
299 2404 448 2471 signatius
465 2412 491 2456 in
507 2401 587 2470 Epist.
605 2411 635 2455 ad
646 2408 734 2470 Smyr-
