1602 2799
406 8 449 67 ,125

106 177 134 206 ao
150 155 270 217 adjutoris
280 152 373 209 Pauli,
391 150 523 213 pluresque
538 150 668 196 admodum
686 166 755 197 asse,-

107 249 157 293 clas
174 244 283 291 obtinuit
296 242 337 287 hic
353 241 671 294 Constantinus-Silvanus
685 257 757 303 qvam

106 336 152 382 filii
168 334 293 380 Calinicis.
327 330 454 376 Haerctica
473 344 517 374 sua
534 330 648 389 dogmata
663 332 758 392 scripto

107 425 207 471 tradere
223 437 274 468 non
291 435 364 465 ausus
384 425 440 477 est7.
464 424 488 463 et
508 418 587 463 libros
601 415 759 464 Manichaeo÷

104 530 163 567 ,rum
175 509 276 572 rejecit,
293 508 437 569 utpoteqvi
454 514 582 563 cerneret,
592 505 760 554 Christiano.-

107 601 251 660 rumleges,
269 613 310 644 eos
316 630 325 654 ,
342 594 603 659 qviApostasioelibris
615 596 759 655 utebantur,

107 689 190 752 gladio
212 687 347 756 subjicere,
373 685 440 746 ipsos
461 685 540 731 libros
565 682 762 732 Manichaeorum

110 780 146 840 (et
162 772 382 835 Montanistarum)
392 773 455 835 igni
476 773 644 819 absumendos
652 775 771 833 tradere„

108 881 248 927 ,eorumque
258 866 325 911 bona
338 865 366 911 in
379 861 468 908 fiscum
482 859 586 912 inferre.
631 861 686 909 Suis
702 880 763 910 vcro

107 955 239 1016 discipulis
250 952 374 1013 injunxit,
390 951 501 1001 moribus
512 957 537 997 et
547 951 658 1012 placitis,
670 953 765 999 stricte

111 1045 181 1105 sequi
195 1043 351 1104 disciplinam
367 1041 419 1102 ejus
435 1040 559 1092 occultam
575 1032 646 1105 ’ὄργια
661 1041 691 1104 t).
725 1041 765 1088 De

110 1133 163 1179 ‚hac
174 1149 202 1178 re
214 1138 298 1176 autem
309 1129 414 1190 amplius
423 1129 582 1189 tractandum
593 1137 638 1188 est,
651 1147 725 1193 qvum
735 1132 766 1178 (le

112 1221 270 1283 dogmatibus
279 1218 591 1277 Paulinianorumagatur.
622 1249 624 1258 »
652 1260 654 1264 ,

178 1308 270 1353 Postea
288 1306 481 1363 Constantinus,
503 1303 631 1353 Mananali
651 1309 705 1356 vico
720 1326 766 1356 re-

114 1398 189 1456 licto,
208 1396 336 1442 Cibossam
352 1410 405 1455 qvae
420 1402 527 1442 castrum
544 1394 594 1445 fuit
605 1395 716 1442 Coloniae
730 1396 767 1455 i'‘ti)

99 1477 236 1543 uicinum,
257 1485 404 1530 immoratus
418 1490 464 1530 est.
507 1484 557 1531 Hic
576 1485 709 1535 ecclesiam.
725 1489 769 1532 in-

115 1575 197 1621 stituit
218 1574 319 1620 nomine
334 1570 502 1619 Macedonum
518 1574 550 1619 ad
570 1589 631 1635 qvos
649 1591 675 1620 se
696 1575 771 1621 finxit

116 1663 217 1708 missum
234 1663 264 1709 ab
275 1660 433 1724 Apostolout
447 1663 491 1709 ille
507 1661 622 1709 Silvanus
639 1665 769 1726 qvondam,

118 1786 296 1799 fi*

144 1859 163 1904 ¹¹)
186 1859 215 1894 De
231 1858 370 1906 comparatione
384 1855 514 1895 hereticorum
531 1856 691 1905 disciplinarum
706 1858 771 1905 Orgiis

113 1946 116 1948 >
183 1923 277 1958 Eleusinis
291 1922 367 1969 aliisque
377 1922 480 1963 Gentilium
495 1922 554 1958 sacris
569 1922 617 1970 apud
628 1923 681 1961 Jren.
692 1923 772 1970 Origin.

185 1987 242 2030 alios,
255 1985 288 2021 vid
301 1984 373 2022 Wolfii
384 1986 428 2022 Not.
438 1989 455 2025 5.
468 1999 487 2034 p.
498 1987 515 2024 Β.
528 1986 550 2022 L.
561 1986 574 2024 l.
585 1999 602 2024 c.
614 1987 643 2023 m.

134 2076 161 2121 ”)
186 2076 267 2114 Condita
288 2084 309 2112 ut
327 2076 401 2113 videtur
417 2090 427 2113 a
445 2078 535 2125 Pompeio
556 2086 599 2125 post
616 2079 773 2127 expugnationem

185 2141 242 2177 Pont.
271 2142 316 2177 Haec
327 2141 407 2178 Colonia
416 2153 474 2189 prope
486 2142 556 2189 Lycum
567 2154 623 2189 supra
635 2143 774 2180 Necessarcam

186 2215 197 2238 a
208 2204 275 2240 Turcis
286 2206 376 2252 apellatur
386 2204 525 2242 Coulei-hisar
539 2219 557 2241 v.
573 2205 662 2249 Chonac‚
675 2204 720 2240 urbs
733 2217 772 2251 po-

186 2267 251 2315 pulosa
261 2274 315 2302 terrae
327 2281 395 2316 aspera
405 2269 499 2305 d'Anville
505 2268 622 2316 Geogrnphie
629 2271 719 2305 ancienne
725 2270 747 2304 T.
754 2274 771 2307 2.

188 2345 206 2379 p.
226 2334 255 2371 34.
274 2331 400 2378 Teumeson,
422 2334 498 2380 Voyagc
517 2334 542 2368 du
561 2334 643 2370 Loranto
661 2335 716 2371 Tom.
738 2334 770 2369 lll.

186 2392 241 2433 'leura
252 2395 302 2431 XXI.
314 2407 333 2442 p.
345 2397 388 2445 293)
401 2399 451 2436 Nora
460 2406 482 2440 11
494 2399 585 2436 Gibhonii
596 2400 636 2436 tc..
650 2430 651 2433 ,
665 2428 675 2432 ..
687 2429 690 2432 ⁴
