1602 2799
408 24 446 75 27

100 167 228 228 jactitans,
255 163 369 224 Sergium
394 163 464 224 quasi
488 163 611 211 novitium
634 169 754 216 conviciis

101 254 280 301 insectabatur.
302 253 402 314 Sergius
412 269 480 311 ver0,
491 254 664 316 (primoribus,
676 260 756 320 quoad

102 345 211 405 speciem
223 345 315 393 :saltem
331 351 360 389 ut
380 343 470 390 volunt
486 359 571 389 osores
590 346 654 406 ejus,
678 349 755 410 impio

103 435 246 489 adversario
264 432 444 490 antecellebat,
463 433 499 478 ita
514 433 633 493 invaluit,
642 461 643 464 =
652 443 680 481 ut
692 455 756 499 apo-.

103 525 204 570 stasiam
222 524 323 574 induas
340 529 425 584 partes
438 523 577 583 scinderet,
595 525 757 575 Baanitarum

102 629 191 673 nempe
207 620 234 659 et
252 612 436 674 Sergiotarum,
463 614 531 660 inter
552 631 611 675 qvas
631 614 757 663 factiones

101 709 159 763 post
172 701 268 751 obitum
289 701 383 764 Sergii,
410 702 507 753 bellum
525 703 672 751 intestinum
692 713 758 752 esset

101 798 239 852 eruptum,
267 792 316 843 nisi
347 791 463 855 Sergiota
476 792 585 855 ¹quidam
612 793 758 842 Theodotus

102 879 303 932 internecionem
335 883 386 927 suis
421 881 640 929 adhortationibus
674 886 757 948 impe-.

104 969 186 1016 diiset.
570 1016 572 1019 ,
752 1008 753 1012 ,

104 1105 106 1107 ,
170 1057 282 1107 Miclrael
306 1058 482 1119 (Curopalates
513 1057 561 1106 Ao.
586 1062 712 1123 811-13)
733 1071 775 1109 et·

104 1149 219 1208 inprimis
245 1151 374 1192 successor
397 1148 450 1207 ejus
473 1146 527 1193 Leo
553 1147 585 1194 V.
614 1148 758 1206 (Armenius

105 1235 151 1283 Ao.
167 1236 309 1297 813—820)
330 1244 430 1287 omnem
451 1253 554 1298 operam
570 1237 759 1300 impendebant,

106 1334 135 1372 ut
151 1327 276 1387 apostasia
289 1325 483 1385 reprimeretur,
501 1327 601 1372 asseclae
613 1328 664 1389 ejus
675 1330 705 1374 ad
715 1348 760 1377 ec-,

106 1416 208 1462 clesiam
222 1414 371 1461 catholicam
395 1422 588 1474 revocarentur,
608 1424 644 1462 et
659 1417 759 1464 refrac-

105 1508 166 1551 tarii
192 1506 273 1566 capite
301 1504 483 1564 plecterentur.
535 1502 575 1549 Ad
601 1505 656 1550 haec
679 1506 760 1567 perli-

106 1596 221 1642 ciendum
229 1593 299 1638 missi
309 1599 366 1638 sunt
380 1592 490 1638 Thomas
501 1591 640 1654 Episcopus
650 1595 675 1640 N
676 1612 760 1642 cocae-

106 1701 183 1730 sareae
208 1690 234 1729 et
260 1681 447 1732 Paracondaces
467 1679 620 1742 Praefectus,
648 1684 762 1747 impere-

106 1775 173 1820 torio
199 1773 309 1818 decreto.
364 1769 399 1817 At
422 1771 601 1833 Cynochoritae
623 1780 648 1819 et
668 1774 760 1831 Astati,

106 1864 199 1909 selecta
213 1878 271 1923 pars
295 1861 480 1921 discipulorum⁴
489 1860 583 1921 Sergii,
593 1895 595 1899 .
607 1865 762 1910 conveniunt

107 1942 138 1997 de
158 1953 225 2017 coede
241 1950 406 2012 Legatorum,
431 1966 504 2012 qvam
517 1950 544 1995 in
560 1948 713 1999 Praefectum
723 1954 760 2010 hi,

107 2042 134 2086 in
154 2040 309 2102 Episcopum*
326 2040 377 2098 illi,
406 2047 514 2086 assumto
537 2056 569 2085 ex
589 2038 684 2087 Astatis
701 2043 765 2101 uno,

106 2136 260 2192 perpetrant.
304 2130 403 2176 Deinde
424 2127 571 2175 Meletinam
591 2127 700 2191 petunt,
718 2148 762 2177 se-

108 2220 193 2266 cuudae
209 2215 335 2265 Armeniae
352 2220 454 2278 urbem,
478 2224 551 2280 q'vam
567 2227 627 2265 tunc
643 2219 762 2268 Saraceni

107 2310 262 2367 incolebant,
280 2309 368 2369 quibus
379 2306 695 2356 ArmerasMonocherates
708 2312 762 2356 im-

106 2400 218 2457 perabat.
256 2398 305 2444 Hic
326 2396 440 2460 profugis
459 2398 566 2460 benigne
581 2401 693 2460 acceptis
708 2398 761 2444 Ar-
