1602 2799
418 42 454 94 43

116 193 204 236 naeos.''
221 212 253 229 .—
266 187 304 233 De
314 186 442 248 Baptismo
453 192 522 232 tacet
533 184 601 232 Petr.
613 184 723 244 Siculus,
741 193 767 231 et

117 279 221 324 Photius
238 279 264 339 (l.
276 296 297 324 o.
308 295 331 339 p.
344 280 387 335 29)
401 275 491 321 habet:
512 273 685 335 ''imo-etiamsi
696 275 768 321 salu-

117 375 196 413 tarem
212 368 365 432 Baptismum
384 371 519 428 respuunt,
542 380 568 410 se
583 371 676 431 tamen
686 367 768 428 ipsum

119 458 250 504 admittere
265 433 393 512 simulant,
425 452 558 515 Evangelii
575 455 652 501 verba
669 445 768 516 baptis-

118 548 192 593 rnatis
210 562 271 593 voce
292 543 487 590 subindicantes.
528 543 628 591 Etenim
643 546 768 607 inquiunt,

120 635 243 682 Dominus
263 634 341 679 dixit:
366 633 421 695 Ego
438 647 492 678 sum
513 649 577 697 aqva
595 621 703 695 vivens”;
730 636 770 681 cui

122 726 247 771 consentit
272 739 368 786 qvoqve
390 722 530 769 Cedrenus:
563 721 625 768 ”Pro
647 724 770 784 baptismo

121 814 216 860 habent
226 814 303 863 verba
314 812 456 875 Evangelii,
476 813 534 875 qvia
544 812 669 859 Dominus
680 813 772 863 dixerit

123 921 149 950 se
173 919 226 950 esse
248 919 334 965 aquam
351 904 455 950 vivam.’'
502 899 660 948 Muratorius,
678 913 773 965 ‘qvoqve

123 993 141 1038 l.
154 1007 186 1038 c.:
205 993 291 1051 ”Qvod
306 992 444 1053 baptismus
456 1006 525 1053 aquae
541 990 606 1037 nihil
621 998 659 1037 est
676 999 702 1037 et
714 993 775 1038 nul-

123 1082 171 1126 lius
185 1080 304 1126 efficaciae
314 1079 344 1125 A.
353 1081 381 1125 Β.
393 1078 447 1137 C.”;
464 1082 525 1125 item
536 1096 567 1125 ex
578 1082 713 1148 specimine
726 1080 774 1142 Op.

125 1170 243 1230 Gregorii
260 1169 357 1229 Capitis
380 1170 396 1220 ό
423 1167 536 1213 Titulus:
572 1168 625 1214 ’'De
651 1169 775 1229 baptismo

125 1274 193 1320 aqvae
209 1266 235 1303 et
250 1258 279 1302 de
293 1257 416 1317 baptismo
433 1272 582 1316 puerorum,
611 1274 683 1319 qvem
697 1257 777 1304 Pate-

125 1348 343 1412 rinus'damnatssf
391 1328 443 1390 Cir.
467 1344 549 1391 Mosh.
576 1345 669 1393 Notam
690 1348 726 1408 (b)
746 1348 778 1400 ad

127 1437 188 1483 Sacc.
200 1448 239 1480 rx.
249 1435 276 1481 P.
286 1447 316 1479 11.
333 1435 360 1479 C.
374 1447 401 1480 v.
413 1432 434 1495 l.
446 1448 486 1480 vr.

193 1525 275 1586 Caput
289 1523 325 1570 IV
340 1514 371 1585 (d)
388 1524 454 1588 qvod
469 1524 547 1570 habet
566 1524 596 1572 de
613 1526 692 1571 Cruce
715 1542 779 1585 oon,-

128 1614 342 1661 firmatCedrenus
352 1613 368 1659 l.
375 1629 408 1659 c.:
427 1613 506 1672 ”Quin
517 1620 542 1658 et
552 1615 699 1661 venerandae
711 1617 780 1661 cruci

132 1704 252 1750 scelerate
263 1702 408 1759 detrahunt,
421 1695 555 1749 ‘Christum
563 1720 617 1750 esse
630 1721 728 1751 crucem
739 1705 780 1749 di-

129 1800 225 1852 centes,
250 1810 328 1855 neqve
345 1793 498 1839 adorandum
514 1810 569 1855 esse
584 1795 696 1856 lignum,v
716 1809 779 1838 exc-

130 1884 236 1928 crationi
255 1883 365 1928 deditum
383 1882 600 1928 instrumentum.’'
639 1881 781 1929 Anathenia

112 1952 115 1954 μ
130 1978 219 2023 201nun1
236 1973 263 2017 in
279 1972 349 2016 Tolli
363 1971 454 2032 Insign.
469 1972 505 2016 ita
521 1973 679 2035 exponitur.’'
717 1973 780 2031 Item

131 2060 172 2119 qvi
190 2061 219 2104 de
234 2061 377 2108 veneranda
392 2078 465 2107 cruce
485 2061 550 2107 male
571 2062 706 2124 loquuntur
720 2040 780 2109 etcl’

131 2147 160 2192 In
177 2146 320 2208 Specimine·
337 2152 419 2212 operis
439 2150 557 2211 Gregorii
577 2168 652 2213 supra
673 2153 781 2198 excitato

134 2238 192 2298 Cap.
207 2235 234 2282 B.
256 2238 413 2287 inscribitur:
446 2240 498 2286 ”De
513 2240 671 2301 Blasphemia
686 2243 781 2299 Crucis,

134 2344 204 2389 qvam
214 2325 345 2374 Paterinus
356 2328 419 2376 facit
424 2365 433 2388 ,
450 2332 494 2377 sed
503 2329 616 2377 Ecclesia
627 2338 780 2380 veneratur.¹'

135 2415 186 2461 Cfr.
206 2415 331 2479 llloslrem⁸⁴
354 2417 416 2469 Saec.
439 2434 480 2468 rx.
499 2420 527 2466 P.
549 2434 580 2480 u.
602 2422 628 2469 C.
653 2436 680 2468 v.
701 2420 721 2482 35.
742 2433 782 2466 vr.

134 2505 188 2550 sub.
202 2519 241 2552 IV.
