1602 2799
405 44 422 95 9

92 188 228 238 variations
239 187 289 233 des
302 182 399 248 Eglises
411 169 529 244 Prolem,
552 184 646 235 isvero
660 182 751 234 fontes·

92 281 161 341 ipsos
175 293 226 324 non
242 277 343 337 adiisse,
375 284 401 323 et
419 292 518 324 errores
534 277 647 337 partium.
660 277 744 323 studio

93 366 615 426 (11111115,1011111111ὲῒετε10111133111111111119ιη
631 366 746 429 Vestigia

94 474 152 519 ergo
174 458 277 503 illorum
293 456 447 515 premendo,
479 456 617 516 primordia
637 462 746 515 etpro-

93 553 189 609 gressus
202 542 553 605 Paulicianismizinrestigare
571 551 610 603 et,'
627 551 752 606 quantum

93 635 151 681 fieri
164 637 260 693 potest,
277 633 385 692 propriis
398 631 485 678 eorum
500 633 584 680 verbis
599 633 745 695 compendio

94 722 191 782 allatis,
212 721 250 766 ita
269 726 299 766 ut
316 721 381 768 alter
399 722 508 768 alterum
523 721 633 769 illustret
647 722 673 769 et
685 738 748 783 sup-

94 812 172 874 pleat,
190 809 294 872 junctim
312 816 339 856 et
353 811 514 858 continenter
528 826 654 872 exponere
669 826 748 857 cona-

94 902 156 959 bor,
178 897 274 968 emissis
295 904 387 966 tamen
399 900 531 958 conviciis,
549 902 638 962 quibus
651 898 748 949 fervori

96 1006 140 1037 sno
156 987 287 1035 Catholieo
303 988 473 1035 laxamentum
489 989 637 1036 attulerunt.

162 1077 296 1122 Samosatis
314 1077 341 1122 in
362 1076 500 1137 Comageue
518 1076 600 1138 Syriae
619 1077 751 1138 provincia

95 1165 219 1227 Euphrati
233 1164 361 1225 adjacente
377 1163 490 1225 reliqviue
508 1162 690 1211 Manichaeismi
707 1166 752 1210 diu

97 1272 124 1302 se
138 1255 320 1302 sustinuerunt.
353 1251 422 1299 Huic
432 1260 507 1298 sectae
519 1253 618 1300 addicta
631 1251 683 1299 fuit
693 1269 752 1300 mu-

96 1345 144 1391 lier
162 1341 273 1404 qvaedam
292 1340 414 1400 Callinice
435 1335 587 1405 (Kallnviuu)
611 1358 665 1403 qvae
686 1341 754 1387 filios

100 1447 169 1490 suos,
191 1430 298 1475 Paulum
313 1437 340 1476 et
355 1429 474 1476 loannem
493 1430 602 1490 ejusdem
621 1430 753 1490 disciplina

98 1521 231 1567 imbuerat.
264 1518 304 1580 'Hi
319 1525 393 1564 sectae
409 1519 534 1586 principes
551 1534 594 1565 seu
608 1517 753 1565 Haeresiar-

99 1611 152 1657 chae
168 1608 364 1670 divulgationem
385 1608 454 1653 illius
476 1623 523 1668 per
539 1605 685 1655 Armeniam
705 1624 754 1653 cu-

99 1706 201 1756 rarunt,
228 1698 281 1756 vel,
301 1705 339 1743 *ut
357 1704 444 1743 narrat
463 1696 591 1743 Cedreuns
610 1698 647 1757 a),
673 1705 755 1744 mater

100 1805 142 1835 eos
156 1789 236 1847 misit,
258 1787 367 1833 haeresin
380 1786 533 1847 propagandi
549 1802 635 1845 cansa,
658 1787 685 1832 in
699 1784 754 1832 Ar-

100 1879 220 1936 meniam,
248 1876 293 1922 ubi
306 1876 367 1924 vvico
389 1874 515 1922 Phanaria
533 1875 673 1935 praesertim
691 1890 755 1936 pro-

101 1982 200 2027 sperum
217 1965 307 2011 habuit
326 1979 479 2022 successum,
497 1980 572 2026 qvare
596 1964 671 2009 etiam
690 1979 754 2009 unus

102 2071 116 2100 e
132 2056 195 2102 vicis
210 2053 442 2114 circumjacentibus
460 2068 552 2099 nomen
570 2052 631 2099 tulit
646 2052 756 2115 Epispa-

102 2145 137 2190 ris
152 2141 201 2200 ll).
244 2142 288 2189 Es
303 2143 481 2204 praedictorum
502 2142 596 2202 altero,
619 2143 660 2188 cui
676 2141 756 2186 Paulo
777 2144 779 2148 ’

103 2267 279 2280 -ι--ι

131 2339 149 2383 “)
173 2339 242 2385 Georg.
254 2336 334 2374 Cedreni
345 2339 448 2387 Compend.
461 2339 534 2376 Hister.
541 2338 575 2376 Ed.
587 2340 647 2376 Pais.
659 2351 677 2387 p-
690 2340 756 2383 432111-

122 2429 151 2475 w)
175 2434 269 2478 Επίσπαςις
281 2431 303 2467 ab
316 2433 403 2476 ἐπισπέιςιω
416 2431 523 2470 dissemina.
