1602 2799
350 24 384 80 14

42 166 219 228 qvaesiverant‚
236 165 367 227 floruitqve
378 167 515 229 imperante
527 169 689 217 Constantino

44 256 189 319 (Constante
200 253 231 322 Π.
243 251 289 301 Αο.
296 256 428 316 filit-668).
437 256 549 304 Heraclii
559 269 649 321 nepote
658 259 690 324 *).

109 346 162 408 Jam
178 344 248 404 prius
265 352 339 390 sectae
357 343 558 392 Paulicianorum
578 350 691 396 addictus

44 443 70 482 et
84 451 98 480 a
109 431 364 493 ¹senatu„defectionis
377 435 466 494 doctor
481 437 630 492 constitutus
647 439 690 485 ille

44 523 241 588 Constantinus„
273 539 299 569 se
330 529 400 568 tanto
432 526 509 587 magis
542 533 692 572 commotum

43 610 280 674 sentiitsutbanc,
297 610 382 658 forsan
403 612 576 673 reformatam,
598 631 692 677 propa·
716 618 718 620 ’

43 710 126 765 garet,
141 708 279 760 cumptecto
294 709 320 748 et
329 701 438 763 hospitio
450 706 587 764 excepisset
598 705 693 766 aliqvot

44 793 133 839 diebus
147 791 287 837 Diaconum
302 793 423 853 qvondam
432 830 434 832 .
444 808 475 838 ex
490 791 593 854 Syriaca
611 794 693 854 capti-

44 884 123 931 vitate
134 878 171 945 w)
186 897 328 940 reversum,
346 882 386 943 qvi
402 881 480 934 libros
497 897 528 927 ex
541 881 614 943 Syria
630 882 693 927 duos

45 989 130 1018 secum
143 968 279 1029 retulerat,
297 986 373 1017 unum
393 971 472 1017 sancti
487 969 630 1032 Evangelii,
652 971 693 1016 al-

44 1069 128 1107 terum
141 1060 224 1119 magni
235 1057 350 1118 Apostoli
365 1059 446 1118 (Pauli
458 1057 519 1122 li³),
537 1077 596 1121 qvos
603 1061 633 1113 in
643 1060 694 1105 bo—

45 1151 115 1211 spitii
124 1148 353 1195 remunerationem
370 1148 433 1192 dono
445 1147 493 1207 ipsi
503 1147 602 1194 obtulit.
635 1147 692 1193 No-

45 1256 103 1284 men
116 1239 164 1284 sihi
173 1237 261 1282 sumsit
272 1236 364 1285 Silvani
374 1234 447 1296 ⁹³),
465 1237 562 1293 comitis
572 1238 693 1297 qvondam

68 1370 86 1413 t)
97 1355 147 1404 sno.
162 1345 197 1408 653
209 1348 298 1412 (Raderus
314 1366 335 1402 1η
347 1344 447 1413 margine).
462 1344 555 1411 Ἓγγονος
566 1364 622 1404 habet
635 1369 657 1404 P.
673 1367 693 1404 S.

113 1446 132 1480 p.
140 1436 170 1471 40.
194 1430 281 1477 derivatos
290 1430 347 1467 Phot.
354 1430 367 1466 l.
379 1442 395 1466 c.
406 1443 425 1478 p.
437 1433 466 1470 61.

63 1523 89 1572 “)
113 1524 162 1559 Cum
178 1522 253 1569 Syriam
266 1535 287 1558 eo
300 1529 383 1569 tempore
398 1520 470 1558 Arabes
483 1521 504 1556 iu
519 1520 693 1567 divioneaenerent,

113 1600 136 1623 ex
147 1586 215 1623 horum
228 1588 334 1635 captivitate
346 1586 452 1622 Diaconum
467 1596 562 1633 reversum
574 1597 623 1629 esse,
636 1595 693 1635 patet.

115 1651 179 1688 Codex
194 1663 239 1686 vero
253 1663 308 1698 qvem
325 1649 369 1685 inde
386 1651 489 1703 reportavit
505 1636 573 1701 ahsqve
587 1643 647 1685 dubio'
660 1651 695 1686 tuit

114 1716 181 1751 versio
192 1715 316 1751 vetustissima
325 1714 401 1760 Syriaca
415 1712 508 1751 Peschito.
533 1713 612 1750 Textum
626 1715 694 1750 incor-

113 1786 191 1828 ruptum
203 1778 258 1814 fuisse
269 1776 367 1814 confitetur
379 1775 434 1814 Phot.
446 1778 459 1815 1.
470 1789 486 1814 c.
500 1789 519 1825 p.
529 1780 546 1817 9.

48 1874 102 1920 ,*”)’
116 1872 190 1910 Παῦλον
202 1870 273 1906 omittit
287 1876 306 1905 et
316 1867 376 1905 'Phoe
392 1869 404 1910 Ι.
416 1881 432 1905 c.
443 1882 462 1918 p.
473 1872 497 1909 62
507 1875 531 1904 et¹
541 1869 569 1904 P.·
579 1869 616 1904 sic.
631 1881 651 1916 p.
666 1869 694 1907 40,

113 1937 142 1971 De
158 1934 211 1969 libris
225 1935 249 1970 N.
261 1934 284 1970 T.
294 1946 305 1969 a
315 1934 428 1969 Paulicirnis
442 1933 521 1981 receptis
534 1931 611 1980 posthac
621 1932 695 1978 disqvi.

115 1999 196 2035 rendum
208 2006 241 2034 est.
579 2000 582 2003 ’

46 2091 97 2140 ⁰⁶⁸)
120 2088 205 2128 Σιλυανδς
213 2086 269 2126 Phoe.
278 2102 297 2136 p.
304 2091 333 2128 66.
343 2089 365 2125 P.
375 2090 413 2125 sic.
423 2084 483 2129 semel.
493 2100 511 2134 p.
517 2091 546 2131 44,
557 2088 603 2123 vitio
615 2088 695 2130 librarii,

114 2153 211 2193 Ernodvar.
234 2153 262 2187 ne
271 2153 347 2188 Silvano
359 2166 373 2190 a.
383 2153 428 2196 Sila,
440 2152 493 2188 Pauli
504 2160 521 2188 et
531 2149 582 2189 Petri
593 2153 643 2188 socio
655 2149 694 2185 vid.

114 2222 158 2255 Act.
173 2219 196 2255 16
205 2224 223 2251 et
232 2220 254 2256 17
271 2217 314 2257 C.1
331 2215 395 2253 Thess.
412 2224 429 2259 1,
445 2223 462 2256 1.
479 2222 531 2268 3,,2.
551 2223 562 2256 2
576 2216 620 2253 Cor.
638 2222 654 2257 1,
665 2216 694 2252 19·

115 2281 202 2323 2Thes5.
213 2288 231 2325 1,
242 2289 258 2321 1-
276 2270 355 2321 1Peni.
368 2284 385 2324 5,
396 2287 424 2320 12.
449 2281 583 2318 Constantinus
597 2279 697 2314 hanccnnr

115 2348 172 2382 Petro
187 2344 341 2382 necessitudinem
357 2346 429 2381 Silvani
445 2353 476 2383 aut
492 2347 597 2392 ignorasse,
615 2351 697 2379 autnon

113 2410 181 2447 vidisse
191 2409 286 2455 probabile
296 2416 328 2445 est.
